|0000|015|0|31102022|31102022|CENTRAL DISTRIB. OFERTAO ALIM. LTDA|93112282000108||RS|0962104949|4314902|||A|1|
|0001|0|
|0005|CENTRAL OFERTAO POA|91140010|R. BANGU|320|DEP 03|SARANDI|5133492100|5133492100|nfe@centralofertao.com.br|
|0100|LOURDES SCARTEZZINI|33581860082|34002/O-3|10784455000107|90690390|R. MARIZ E BARROS|502||PETROPOLIS|5196851414|5196851414|carla@lmgcontabil.com.br|4314902|
|0150|7232|BETTANIN INDUSTRIAL S.A|1058|89724447000117||0430002297|4307708||ROD BR-116||KM 258|VILA OSORIO|
|0150|59952|KIMBERLY-CLARK BRASIL IND. E COM. DE PRODUTOS DE HIGIENE LTDA|1058|02290277002680||1770225452|4303103||R ROD RS 118|12760|KM 11 - GLEBA B|JARDIM BETANIA|
|0150|89729|MERCADO DA QUINTA LTDA|1058|47067408000144||0963919709|4314902||R PD. PEDRO LEONARDI (LOT VI N RESTINGA)|39||RESTINGA|
|0150|80496|KEPPLER INDUSTRIA E COMERCIO DE ALIMENTOS LTDA|1058|10525324000520||0963821393|4314902||AV HEITOR VIEIRA|882||BELEM NOVO|
|0150|90477|T&C RESTO BAR LTDA|1058|27306840000133||0860508285|4313409||R GENERAL OSORIO|951||HAMBURGO VELHO|
|0150|79765|KEPPLER INDUSTRIA E COMERCIO DE ALIMENTOS LTDA|1058|10525324000440||0963808621|4314902||AV HEITOR VIEIRA|374||BELEM NOVO|
|0150|80088|IVONE DE ABREU VIEIRA 72742968091|1058|35460420000135|||4301909||R NOVA|321||BARRA DO RIBEIRO|
|0150|89482|GENECI DA SILVA COSTA 49643150020|1058|33275692000130|||4301909||R ERNESTO CORREA|33||PICADA|
|0150|81162|DAYANE LOPES DOS SANTOS 01882360079|1058|40115728000183|||4309308||EST JOSE CARLOS FERREIRA|570||VILA PEDRAS BRANCAS|
|0150|10076|LUIS CLAUDIOMIR DE AVILA & CIA LTDA|1058|01213418000140||1490026999|4322004||R BELMIRO CLAUDIO WOLKWEIS||SN|COXILHA VELHA|
|0150|43749|KEPPLER IND E COM ALIMENTOS LTDA ( MATRIZ )|1058|10525324000105||0963280279|4314902||R BERNARDO TCHERNIN|155||RESTINGA|
|0150|64583|GILNEI LOPES PEREIRA|1058||49230190004||4303103||R AV FLORES DO CAMPO|686||CHACARA DAS ROSAS|
|0150|80168|LEANDRO CORREIA CARVALHO 54501075015|1058|31613954000101|||4318705||R MATIAS SCHERER|100|CONJ SALA|ARROIO DA MANTEIGA|
|0150|598|SERGIO JUSTIN KOHANOSKI EIRELI|1058|93383818000111||1240105581|4318705||R JOVELINA MARQUES GOMES|81||VICENTINA|
|0150|89697|DALILA BONES KERPEL 72161728091|1058|35164313000160|||4318705||AV RODOLFO MULLER|1130|CASA 15|FEITORIA|
|0150|83117|JANARA KAIPPER DA SILVA 00418319006|1058|35983369000146||1240331441|4318705||AV HENRIQUE BIER|1613||CAMPINA|
|0150|89715|L. F. FERREIRA FIGUEIRA|1058|46782417000154||1450129274|4321600||R FLORES DA CUNHA|4171||ZONA NOVA|
|0150|84397|TATIANA PAZZIM GRUBEL 01105608093|1058|42903343000106||1450129436|4321600||R R, HILDEBRANDO PINHEIRO VELOSO|550||INDIANOPOLIS|
|0150|72143|TRENTIN COMERCIO DE ALIMENTOS EIRELI|1058|06269225000124||1540095212|4322509||AV FRANCIOSI|789||IMPERIAL|
|0150|13986|VIADUTO COMERCIO DE ALIMENTOS LTDA|1058|06866714000163||1540095549|4322509||R BORGES DE MEDEIROS|2478||GLORIA|
|0150|13634|SUPER DEBONA LTDA|1058|04919958000131||1540091632|4322509||R CARLOS ZAQUERA|3242||KENEDY|
|0150|73815|L HEDI WEHNER GOLLMANN|1058|29330229000176||2960017808|4313953||R CASTRO ALVES|217||VILA NOVA|
|0150|65595|IZABELA SOUZA DE OLIVEIRA 35146770000|1058|12626888000151|||4318705||R UM|416||ARROIO DA MANTEIGA|
|0150|86608|SUPER ECONOMICO ATACADO E VAREJO LTDA|1058|44634263000128||0100200745|4302105||R NELINO DOMENICO CARINI|689||OURO VERDE|
|0150|78522|FRANCIS RENATO CASAGRANDE BERNARDES 02367464057|1058|33858717000128|||4319901||R SINIMBU|219||SAO LUIZ|
|0150|65452|SPNS ALIMENTOS LTDA|1058|26381874000120||0190126973|4303905||R CERRO LARGO|219||IPIRANGA|
|0150|13138|DIONE JEISON EBERT|1058|05640874000127||1310102284|4319901||AV DUQUE DE CAXIAS|1111||CENTENARIO|
|0150|83415|M&B SORRISO SUPERMERCADOS LTDA FL09|1058|04890459001050||1650195459|4300604||EST FREDERICO DIHL|1970||APARECIDA|
|0150|72156|SUPERMERCADO FREDERICO LTDA EPP|1058|20980195000190||2980008740|4314159||R JOSE JANTSCH FILHO|2196||CENTRO|
|0150|39880|BRS SUPRIMENTOS CORPORATIVOS S/A|1058|09216620000137||1240248412|4318705||AV PAROBE|4851||BOA VISTA|
|0150|63305|ANDRE B SILVEIRA ME|1058|22954559000193||0963634682|4314902||AV EDGAR PIRES DE CASTRO|4800||RESTINGA|
|0150|77679|SUPER CERTO SUPERMERCADOS LTDA CAPAO NOVO|1058|02849649000298||2340117024|4304630||AV PARAGUASSU|3496||CAPAO NOVO|
|0150|86265|ASUN COM DE GEN ALIM EIRELI TRAMANDAI|1058|92091891005116||1450127212|4321600||AV FERNANDES BASTOS|1201||CENTRO|
|0150|82214|EVANDRO LUIZ RODRIGUES|1058||00225731002||4313409||R ERNI TRIERWEILER|56||SAO JOSE|
|0150|7000|CENTRAL DISTRIB. OFERTAO ALIM. LTDA|1058|93112282000108||0962104949|4314902||R BANGU|320|DEP 03|SARANDI|
|0150|76930|AMARAL & GARCEZ TRANSPORTES LTDA|1058|07646231000116||0930379098|4314407||EST MUNICIPAL CASCATA|800||TRES VENDAS|
|0150|17058|SECCO & FONTELLA LTDA|1058|02736281000170||0963653768|4314902||AV DOUTOR RUBEM KNIJNIK|375||RUBEM BERTA|
|0150|42398|ADEMAR ROSALES DA SILVA E CIA LTDA|1058|10308031000168||1650150960|4300604||R PP TRESS|01||VL NOVA AMERICANA|
|0150|64075|EMPRESA DE TRANSPORTES NYKON LTDA|1058|23661264000191||1770213942|4303103||R BENO NIDERAUER|130||PARQUE GRANJA ESPERANCA|
|0150|79663|BAUER E PEREIRA TRANSPORTES LTDA|1058|35140761000123||1770230260|4303103||R AUSTRIA|30||VL NOVA CACHOEIRINHA|
|0150|17055|JOAO CARLOS MARCIA VIEIRA TRASNP LT|1058|05145773000180||1650142967|4300604||R PORTUGAL|140|CONJUNTO 01|PASSO DO FEIJO|
|0150|72860|LUIS PAULO SARMENTO FERREIRA & CIA|1058|07728076000187||0963108450|4314902||R TROPICOS|39||PROTASIO ALVES|
|0150|77864|DANUSI MARIA CANDATEN & CIA LTDA|1058|22915226000155||0240518896|4304606||R PALMITINHO|568||RIO BRANCO|
|0150|69729|PABLOG LOGISTICA E SERVICOS LTDA|1058|01476268000167||0170094588|4303509||R JOSE ANTONIO PIRES|451||OLARIA|
|0150|73108|DJALMO BROCH DE LIMA E CIA LTDA - ME|1058|24219476000186||1770215872|4303103||AV CRISTOVAO COLOMBO|840||VILA VISTA ALEGRE|
|0150|35769|TRANSPORTES MEDEIROS PENTEADO LTDA|1058|06174180000104||1650127666|4300604||R ALVARO FURTADO|199||APARECIDA|
|0150|64063|WFORTE LOGISTICA LTDA - ME|1058|22812956000120||0963639757|4314902||R DOUTOR SINVAL SALDANHA|328||BOM JESUS|
|0150|75949|L & E TRANSPORTES LTDA|1058|30397425000147||1770223735|4303103||R OTTO ESPINDOLA|355||MORADA DO BOSQUE|
|0150|56514|D L DE FREITAS TRANSPORTES LTDA|1058|09149815000101||1650147080|4300604||R JOAO DE DEUS OLIVEIRA|405||BELA VISTA|
|0150|62227|CARLES DAPPER & SILVA TRANSPORTES LTDA - ME|1058|20916170000128||0570316863|4309209||R DO PACHECO|105|CASA 01|ITACOLOMI|
|0150|80066|TRANSPORTADORA BORGES LTDA|1058|37097205000147||0963813684|4314902||R SENHOR DO BOM FIM|1080|CASA 03|SARANDI|
|0150|35824|AGARF LOGISTICA E TRANSPORTES LTDA|1058|08486172000129||0240458354|4304606||R SAO JOAO|269||HARMONIA|
|0150|49488|THAWANA TRANSPORTES LTDA|1058|10570652000115||0570283850|4309209||R OURO FINO|696||PARQUE FLORIDO|
|0150|58982|TRANS ROBUSTO SERVICOS DE ENTREGAS LTDA - ME|1058|19080523000113||2130045620|4314803||R EDMUNDO MULLER|237||CENTRO|
|0150|63419|GRL MONTEIRO TRANSPORTES LTDA - ME|1058|23215177000100||0963639188|4314902||AV SARANDI|794||SARANDI|
|0150|66012|TRANS VERISSIMO LTDA|1058|26724905000106||1770235245|4303103||AV DOMINGOS DORIVALDO THIESEN|403||PARQUE DA MATRIZ|
|0150|50459|CECHINATTO ANTONI TRANSPORTES LTDA|1058|11255295000163||0580143023|4309308||AV LUPICINIO RODRIGUES|1412||JD SANTA RITA|
|0150|56780|WOICHEKOSKI E PALOSCHI SERVICOS DE TRANSPORTES LTDA ME|1058|07552569000109||0963549936|4314902||R DOS  MAIAS|1594||RUBEM BERTA|
|0150|59601|GOMIGUI TRANSPORTES LTDA - ME|1058|08809734000128||1770181218|4303103||R FIDEL ZANCHETTA|1243||JARDIM DO BOSQUE|
|0150|59823|LEMMERTZ & LEMMERTZ TRANSPORTES LTDA - ME|1058|19776876000152||2130040564|4314803||R GIACOMO RIVA|200||CENTRO|
|0150|83475|TRANSPORTES HOFFMANN C - 84|1058|41881807000168||0860544184|4313409||R ODON CAVALCANTE|1623||CANUDOS|
|0150|77899|SILVA E DORNELES SERVICOS DE TRANSPORTES LTDA|1058|33369726000155||0963773321|4314902||R TOCANTINS|545||LOMBA DO PINHEIRO|
|0150|88123|TRANSPORTES ALKINE LTDA|1058|42626342000161||0080206913|4301602||R ANTONIO FERRER (VL DOLORES)|691||CASTRO ALVES|
|0190|CX|CAIXA|
|0190|DI|DISPLAY|
|0190|UN|UNIDADE|
|0200|18|SOLUVEL VIDRO 200g|7891021007177||CX|00|21011110|001|||17,00|1710700|
|0220|CX|12,000000|
|0220|DI|3,000000|
|0220|UN|1,000000|
|0200|24|SOLUVEL SACHE E.FORTE PO 5Og|7891021008501||CX|00|21011110|001|||17,00|1710700|
|0220|CX|24,000000|
|0220|DI|6,000000|
|0220|UN|1,000000|
|0200|77|ESCOVA CANTOS PLASTICA|7896001001121||CX|00|96039000||||17,00|2802800|
|0220|CX|36,000000|
|0220|DI|12,000000|
|0220|UN|1,000000|
|0200|85|VEJA BANH. X-14 TIRA LIMO CL. ATIVO SQ 500ML|7891035209505||CX|00|34025000||||17,00|1100700|
|0220|CX|24,000000|
|0220|DI|6,000000|
|0220|UN|1,000000|
|0200|103|RODO VAI E VEM M 40cm (1282)|7896001912816||CX|00|96039000||||17,00|2802800|
|0220|CX|12,000000|
|0220|DI|3,000000|
|0220|UN|1,000000|
|0200|164|ESCOVA BETTAJEANS PLASTICA|47896001001150||CX|00|96039000||||17,00|2802800|
|0220|CX|216,000000|
|0220|DI|12,000000|
|0220|UN|1,000000|
|0200|170|ESP. ESFREBOM MULTI UNIT.|37896001004505||CX|00|68053090||||17,00|1100900|
|0220|CX|120,000000|
|0220|DI|12,000000|
|0220|UN|1,000000|
|0200|173|PASSE BEM REGARGA 500ML|7891035032103||CX|00|35051000||||17,00|1100800|
|0220|CX|12,000000|
|0220|DI|6,000000|
|0220|UN|1,000000|
|0200|199|ESP.ESFREBOM NAO RISCA UNIT.|7896001004566||CX|00|68053090||||17,00|1100900|
|0220|CX|120,000000|
|0220|DI|12,000000|
|0220|UN|1,000000|
|0200|209|VEJA DESENG PULVERIZ LIMAO 500ML|7891035215506||CX|00|34025000||||17,00|1100700|
|0220|CX|12,000000|
|0220|DI|6,000000|
|0220|UN|1,000000|
|0200|218|MORTEIN PRO BARREIRA ATIVA 300ML|7891035611230||CX|00|38089119||||17,00||
|0220|CX|12,000000|
|0220|DI|6,000000|
|0220|UN|1,000000|
|0200|234|MORTEIN PRO ISCA MATA RATOS 15G|7891035619229||CX|00|38089996||||17,00||
|0220|CX|48,000000|
|0220|DI|12,000000|
|0220|UN|1,000000|
|0200|244|ESP ESFREBOM MULTI LV4 PG3|7896001045446||CX|00|68053090||||17,00|1100900|
|0220|CX|60,000000|
|0220|DI|12,000000|
|0220|UN|1,000000|
|0200|302|RODO MAX ADERENCIA M (PUSH DUPLO) 40cm 1302|7896001001305||CX|00|96039000||||17,00|2802800|
|0220|CX|12,000000|
|0220|DI|3,000000|
|0220|UN|1,000000|
|0200|321|VASSOURA MAX C/CABO|7896001016316||CX|00|96039000||||17,00|2802800|
|0220|CX|12,000000|
|0220|DI|3,000000|
|0220|UN|1,000000|
|0200|331|MOP LIMPATUDO NOVICA|7896001013827||CX|00|96039000||||17,00|2802800|
|0220|CX|12,000000|
|0220|DI|6,000000|
|0220|UN|1,000000|
|0200|363|ESPONJA SFREG DUPLA FACE|7896001047822||CX|00|39249000||||17,00|1100900|
|0220|CX|120,000000|
|0220|DI|12,000000|
|0220|UN|1,000000|
|0200|424|REPELEX LOCAO REPELENTE 100ML|7891035621109||CX|00|38089199||||17,00||
|0220|CX|12,000000|
|0220|DI|3,000000|
|0220|UN|1,000000|
|0200|435|RODO VAI E VEM P 30cm (1272)|7896001012714||CX|00|96039000||||17,00|2802800|
|0220|CX|12,000000|
|0220|DI|3,000000|
|0220|UN|1,000000|
|0200|465|ESCOVA VARREMESA (BT260)|7896001002609||CX|00|96039000||||17,00|2802800|
|0220|CX|12,000000|
|0220|UN|1,000000|
|0200|476|REPELEX REPELENTE AEROSOL 200ML|7891035620003||CX|00|38089199||||17,00||
|0220|CX|12,000000|
|0220|DI|3,000000|
|0220|UN|1,000000|
|0200|479|PANO LIMPATUDO VISCOSE ESFREBOM (AMARELO)|7896001049338||CX|00|56031350||||17,00||
|0220|CX|15,000000|
|0220|DI|5,000000|
|0220|UN|1,000000|
|0200|488|ANIL IMPERIAL COLMAN CUBO 90G|7891035010200||CX|00|32064100||||17,00|2400200|
|0220|CX|100,000000|
|0220|DI|10,000000|
|0220|UN|1,000000|
|0200|489|POLIFLOR CERA BRILHO MAXIMO VERMELHO 750ML|7891035321306||CX|00|34059000||||17,00||
|0220|CX|12,000000|
|0220|DI|3,000000|
|0220|UN|1,000000|
|0200|494|ESP.ESFREBOM PROT.UNHAS UNIT.|7896001004528||CX|00|68053090||||17,00|1100900|
|0220|CX|120,000000|
|0220|DI|12,000000|
|0220|UN|1,000000|
|0200|502|CABO DE ACO PARA VASSOURAS|7896001000407||CX|00|73269090||||17,00|1006200|
|0220|CX|12,000000|
|0220|UN|1,000000|
|0200|519|DETEFON ACAO TOTAL INSETICIDA AEROSOL 300ML|7891035651007||CX|00|38089119||||17,00||
|0220|CX|12,000000|
|0220|DI|6,000000|
|0220|UN|1,000000|
|0200|561|DESTAC LIMPADOR MULT. LAV.E ALFAZ. 500ML|7891035115004||CX|00|34025000||||17,00|1100700|
|0220|CX|12,000000|
|0220|DI|6,000000|
|0220|UN|1,000000|
|0200|572|DESTAC PISOS LAMINADOS 750ml (LAV E ALFAZEMA)|7891035115806||CX|00|34025000||||17,00|1100700|
|0220|CX|12,000000|
|0220|DI|6,000000|
|0220|UN|1,000000|
|0200|579|GOMA POX ENGOMADOR DE TECIDOS 200ML|7891035020001||CX|00|39051200||||17,00||
|0220|CX|24,000000|
|0220|DI|6,000000|
|0220|UN|1,000000|
|0200|584|BALDE PLAST C/ESCORREDOR NOVICA 14L|7896001013841||CX|00|39249000||||17,00|1100900|
|0220|CX|6,000000|
|0220|UN|1,000000|
|0200|588|HARPIC LIQ.CLOROF.500ml|7891035124006||CX|00|34025000||||17,00|1100700|
|0220|CX|12,000000|
|0220|DI|6,000000|
|0220|UN|1,000000|
|0200|593|ESCOVAO C/CABO|7896001011816||CX|00|96039000||||17,00|2802800|
|0220|CX|12,000000|
|0220|DI|3,000000|
|0220|UN|1,000000|
|0200|603|VANISH KARPEX LIMPADOR CARPETES 500ML|7891035200007||CX|00|34025000||||17,00|1100700|
|0220|CX|12,000000|
|0220|DI|6,000000|
|0220|UN|1,000000|
|0200|641|DESTAC BRILHA MOVEIS LAVANDA 200ML|7891035516009||CX|00|34052000||||17,00||
|0220|CX|24,000000|
|0220|DI|6,000000|
|0220|UN|1,000000|
|0200|649|ESCOVA UNHAS COD215|47896001002157||CX|00|96039000||||17,00|2802800|
|0220|CX|312,000000|
|0220|DI|12,000000|
|0220|UN|1,000000|
|0200|655|PASSE BEM PULVERIZADOR 500ML|7891035032004||CX|00|35051000||||17,00|1100800|
|0220|CX|12,000000|
|0220|DI|6,000000|
|0220|UN|1,000000|
|0200|712|POLIFLOR CERA BRILHO PRATICO VERMELHO 750ML|7891035320002||CX|00|34059000||||17,00||
|0220|CX|12,000000|
|0220|DI|3,000000|
|0220|UN|1,000000|
|0200|719|VANISH RESOLV ROSA PRE LAVAGEM LIQ. 450ML|7891035017001||CX|00|34025000||||17,00|1100700|
|0220|CX|12,000000|
|0220|DI|6,000000|
|0220|UN|1,000000|
|0200|735|RODO MAX ADERENCIA P (PUSH DUPLO) 30cm 1292|7896001001299||CX|00|96039000||||17,00|2802800|
|0220|CX|12,000000|
|0220|DI|3,000000|
|0220|UN|1,000000|
|0200|742|MORTEIN PRO ISCA MATA BARATAS 6 UNID.|7891035612107||CX|00|38089119||||17,00||
|0220|CX|12,000000|
|0220|DI|6,000000|
|0220|UN|1,000000|
|0200|746|VEJA LIMPEZA PESADA FLORAL CAMPESTRE 500ML|7891035245008||CX|00|34025000||||17,00|1100700|
|0220|CX|24,000000|
|0220|DI|6,000000|
|0220|UN|1,000000|
|0200|752|VEJA LIMPEZA PESADA CLORO ATIVO 2 EM 1 500ML|7891035250002||CX|00|34025000||||17,00|1100700|
|0220|CX|24,000000|
|0220|DI|6,000000|
|0220|UN|1,000000|
|0200|753|VEJA COZINHA LIMAO RECARGA 500ML|7891035215605||CX|00|34025000||||17,00|1100700|
|0220|CX|12,000000|
|0220|DI|6,000000|
|0220|UN|1,000000|
|0200|754|VEJA LIMPEZA PESADA ORIGINAL 500ML|7891035215001||CX|00|34025000||||17,00|1100700|
|0220|CX|24,000000|
|0220|DI|6,000000|
|0220|UN|1,000000|
|0200|755|VEJA MULTIUSO ORIGINAL 500ML|7891035210006||CX|00|34025000||||17,00|1100700|
|0220|CX|24,000000|
|0220|DI|6,000000|
|0220|UN|1,000000|
|0200|762|VEJA VIDREX CRISTAL PULV. 500ml|7891035224102||CX|00|34025000||||17,00|1100700|
|0220|CX|12,000000|
|0220|DI|6,000000|
|0220|UN|1,000000|
|0200|774|VEJA VIDREX CRISTAL RECARGA 500ml|7891035225109||CX|00|34025000||||17,00|1100700|
|0220|CX|12,000000|
|0220|DI|3,000000|
|0220|UN|1,000000|
|0200|778|VEJA VIDREX COM ALCOOL SQUEEZE 500ML|7891035228100||CX|00|34025000||||17,00|1100700|
|0220|CX|24,000000|
|0220|DI|6,000000|
|0220|UN|1,000000|
|0200|794|NOVICA VASSOURA PISO DELICADO C/ CABO|7896001018815||CX|00|96039000||||17,00|2802800|
|0220|CX|12,000000|
|0220|DI|3,000000|
|0220|UN|1,000000|
|0200|797|ESCOVA LONGO ALCANCE PLASTICA|7896001001138||CX|00|96039000||||17,00|2802800|
|0220|CX|36,000000|
|0220|DI|12,000000|
|0220|UN|1,000000|
|0200|803|VEJA VIDREX TRADICIONAL PULV. 500ml|7891035224003||CX|00|34025000||||17,00|1100700|
|0220|CX|12,000000|
|0220|DI|6,000000|
|0220|UN|1,000000|
|0200|804|VEJA VIDREX TRADICIONAL RECARGA. 500ml|7891035225000||CX|00|34025000||||17,00|1100700|
|0220|CX|12,000000|
|0220|DI|6,000000|
|0220|UN|1,000000|
|0200|819|VANISH ALVEJANTE LIQUIDO S/CLORO ROSA 500ML|7891035040009||CX|00|34025000||||17,00|1100700|
|0220|CX|12,000000|
|0220|DI|6,000000|
|0220|UN|1,000000|
|0200|887|MOP REFIL LIMPATUDO NOVICA|7896001001381||CX|00|96039000||||17,00|2802800|
|0220|CX|12,000000|
|0220|DI|6,000000|
|0220|UN|1,000000|
|0200|892|ESCOVA SLOW RELAX BANHO PLAST|7896001085022||CX|00|96039000||||17,00|2802800|
|0220|CX|24,000000|
|0220|DI|3,000000|
|0220|UN|1,000000|
|0200|898|ESCOVA MULTIUSO PLASTICA SKET|7896001002500||CX|00|96039000||||17,00|2802800|
|0220|CX|36,000000|
|0220|DI|12,000000|
|0220|UN|1,000000|
|0200|908|HARPIC WC LIQ ACTIVE FRESH LAVANDA 500ML|7891035126000||CX|00|34025000||||17,00|1100700|
|0220|CX|12,000000|
|0220|DI|6,000000|
|0220|UN|1,000000|
|0200|919|POLIFLOR LUSTRA MOVEIS JASMIM 200ML|7891035500008||CX|00|34052000||||17,00||
|0220|CX|24,000000|
|0220|DI|6,000000|
|0220|UN|1,000000|
|0200|924|POLIFLOR LUSTRA MOVEIS JASMIM 500ML|7891035501005||CX|00|34052000||||17,00||
|0220|CX|12,000000|
|0220|DI|6,000000|
|0220|UN|1,000000|
|0200|928|ANIL COLMAN LIQUIDO 200ML|7891035012501||CX|00|32064100||||17,00|1100100|
|0220|CX|24,000000|
|0220|DI|6,000000|
|0220|UN|1,000000|
|0200|935|DESTAC BRILHA MOVEIS LAVANDA 500ML|7891035517006||CX|00|34052000||||17,00||
|0220|CX|12,000000|
|0220|DI|6,000000|
|0220|UN|1,000000|
|0200|939|LUSTRA MOV.POL.LAV.GD.500ml|7891035502606||CX|00|34052000||||17,00||
|0220|CX|12,000000|
|0220|DI|6,000000|
|0220|UN|1,000000|
|0200|944|POLIFLOR LUSTRA MOVEIS LAVANDA 200ML|7891035502200||CX|00|34052000||||17,00||
|0220|CX|24,000000|
|0220|DI|6,000000|
|0220|UN|1,000000|
|0200|955|DESENTUPIDOR TURBO PLAST|7896001004993||CX|00|39249000||||17,00|1100900|
|0220|CX|12,000000|
|0220|DI|3,000000|
|0220|UN|1,000000|
|0200|957|PA COM CABO (JEITOSA) COD150|7896001001503||CX|00|39249000||||17,00|1100900|
|0220|CX|12,000000|
|0220|UN|1,000000|
|0200|963|POLIFLOR CERA BRILHO MAXIMO AMARELO 750ML|7891035321320||CX|00|34059000||||17,00||
|0220|CX|12,000000|
|0220|DI|3,000000|
|0220|UN|1,000000|
|0200|965|VASSOURA CANTOS CERTA C/CABO|7896001016910||CX|00|96039000||||17,00|2802800|
|0220|CX|12,000000|
|0220|DI|3,000000|
|0220|UN|1,000000|
|0200|975|DETEFON ESPIRAL 10un|7891035652004||CX|00|38089119||||17,00||
|0220|CX|20,000000|
|0220|DI|10,000000|
|0220|UN|1,000000|
|0200|978|VEJA MULTIUSO COM ALCOOL 500ML|7891035209406||CX|00|34025000||||17,00|1100700|
|0220|CX|24,000000|
|0220|DI|6,000000|
|0220|UN|1,000000|
|0200|979|VASSOURA VARRY1000 C/CABO|7896001010000||CX|00|96039000||||17,00|2802800|
|0220|CX|12,000000|
|0220|DI|3,000000|
|0220|UN|1,000000|
|0200|983|ESCOVA SANIT SANILUX SUPORT PLAST|7896001005655||CX|00|96039000||||17,00|2802800|
|0220|CX|12,000000|
|0220|DI|3,000000|
|0220|UN|1,000000|
|0200|989|ESCOVA SANIT SANILUX PLAST|7896001005709||CX|00|96039000||||17,00|2802800|
|0220|CX|96,000000|
|0220|DI|12,000000|
|0220|UN|1,000000|
|0200|990|PA LIXO PLASTICA CLIPA|7896001001459||CX|00|39249000||||17,00|1100900|
|0220|CX|72,000000|
|0220|DI|12,000000|
|0220|UN|1,000000|
|0200|992|DESENTUPIDOR PIA E RALOS PLAST|7896001004894||CX|00|39249000||||17,00|1100900|
|0220|CX|36,000000|
|0220|DI|3,000000|
|0220|UN|1,000000|
|0200|995|ESCOVA ADAPT PLASTICA|47896001001143||CX|00|96039000||||17,00|2802800|
|0220|CX|144,000000|
|0220|DI|12,000000|
|0220|UN|1,000000|
|0200|1078|VEJA MULTIUSO FLORAL 500ML|7891035209901||CX|00|34025000||||17,00|1100700|
|0220|CX|24,000000|
|0220|DI|6,000000|
|0220|UN|1,000000|
|0200|1087|POLIFLOR LUSTRA MOVEIS PERFUME SUAVE 200ML|7891035500206||CX|00|34052000||||17,00||
|0220|CX|24,000000|
|0220|DI|6,000000|
|0220|UN|1,000000|
|0200|1103|PA CLIPA + ESCOVA BT120|7896001001206||CX|00|39249000||||17,00|1100900|
|0220|CX|12,000000|
|0220|UN|1,000000|
|0200|1135|ESP.ESFREBOM PROT.UNHAS ECONOMICO|7896001045231||CX|00|68053090||||17,00|1100900|
|0220|CX|60,000000|
|0220|DI|12,000000|
|0220|UN|1,000000|
|0200|1153|DESTAC LIMPADOR MULT. LAV.E ALFAZ. 750ML|7891035115509||CX|00|34025000||||17,00|1100700|
|0220|CX|12,000000|
|0220|DI|6,000000|
|0220|UN|1,000000|
|0200|1154|DESTAC LIMP. PISOS MAD. LAV E VANILLA 750ML|7891035115608||CX|00|34025000||||17,00|1100700|
|0220|CX|12,000000|
|0220|DI|3,000000|
|0220|UN|1,000000|
|0200|1246|VANISH ALVEJANTE LIQUIDO S/CLORO ROSA 1,5L|7891035040504||CX|00|34025000||||17,00|1100700|
|0220|CX|6,000000|
|0220|DI|3,000000|
|0220|UN|1,000000|
|0200|1260|MOP ALGODAO NOVICA|7896001013223||CX|00|96039000||||17,00|2802800|
|0220|CX|12,000000|
|0220|DI|6,000000|
|0220|UN|1,000000|
|0200|1261|MOP REFIL ALGODAO NOVICA|7896001001329||CX|00|96039000||||17,00|2802800|
|0220|CX|12,000000|
|0220|DI|6,000000|
|0220|UN|1,000000|
|0200|1269|VEJA USO DIRETO ORIGINAL900ml|7891035211409||CX|00|34025000||||17,00|1100700|
|0220|CX|12,000000|
|0220|DI|6,000000|
|0220|UN|1,000000|
|0200|1274|ESP.ESFREBOM NAO RISCA 3un.ECON.(TEFLON)|7896001045637||CX|00|68053090||||17,00|1100900|
|0220|CX|60,000000|
|0220|UN|1,000000|
|0200|1310|REPELEX REPELENTE LIQ. SPRAY 100ML|78902312||CX|00|38089199||||17,00||
|0220|CX|12,000000|
|0220|DI|3,000000|
|0220|UN|1,000000|
|0200|1311|VEJA USO DIRETO FLORAL900ml|7891035211706||CX|00|34025000||||17,00|1100700|
|0220|CX|12,000000|
|0220|DI|6,000000|
|0220|UN|1,000000|
|0200|1676|VEJA LIMPEZA PESADA CITRUS DESENGORD. 500ML|7891035215902||CX|00|34025000||||17,00|1100700|
|0220|CX|24,000000|
|0220|DI|6,000000|
|0220|UN|1,000000|
|0200|1679|VEJA DESENGORD. LARANJA RECARGA 500ML|7891035216008||CX|00|34025000||||17,00|1100700|
|0220|CX|12,000000|
|0220|DI|6,000000|
|0220|UN|1,000000|
|0200|1681|VEJA DESENGORD. COZINHA LARANJA PULV. 500ML|7891035216107||CX|00|34025000||||17,00|1100700|
|0220|CX|12,000000|
|0220|DI|6,000000|
|0220|UN|1,000000|
|0200|1757|BOM AR CLICK SPRAY CHEIR. DE TALCO REF. 12ML|7891035539503||CX|00|33074900||||25,00|2003200|
|0220|CX|18,000000|
|0220|DI|6,000000|
|0220|UN|1,000000|
|0200|1806|VEJA BANH. X-14 TIRA LIMO CL. AT. REF 500ML|7898024830184||CX|00|34025000||||17,00|1100700|
|0220|CX|12,000000|
|0220|DI|3,000000|
|0220|UN|1,000000|
|0200|1809|VEJA BANH X-14 TIRA LIMO CL AT PULV 500ML|7898024830177||CX|00|34025000||||17,00|1100700|
|0220|CX|12,000000|
|0220|DI|6,000000|
|0220|UN|1,000000|
|0200|1900|BATEDEIRA 110V|||UN|00|85094020||||0,00||
|0220|CX|1,000000|
|0220|UN|1,000000|
|0200|1902|SBP APAREL. ELETR. + REPELENTE LIQ. 45 NOITES|7891035024535||CX|00|38089119||||17,00||
|0220|CX|12,000000|
|0220|DI|3,000000|
|0220|UN|1,000000|
|0200|1908|SBP PASTILHAS 12H REFIL LEVE 12 PAGUE 10|7891035024696||CX|00|38089119||||17,00||
|0220|CX|100,000000|
|0220|DI|20,000000|
|0220|UN|1,000000|
|0200|1909|SBP APARELHO ELETRICO + 4 PASTILHAS 12H|7898024830474||CX|00|38089119||||17,00||
|0220|CX|12,000000|
|0220|DI|3,000000|
|0220|UN|1,000000|
|0200|1923|RODO BALLENA P 30cm (1252)|7896001012516||CX|00|96039000||||17,00|2802800|
|0220|CX|12,000000|
|0220|DI|3,000000|
|0220|UN|1,000000|
|0200|1958|CABO EXTENSOR DE ACO NOVICA 1,6M|7896001000452||CX|00|73269090||||17,00|1006200|
|0220|CX|12,000000|
|0220|UN|1,000000|
|0200|1976|VASSOURA GRADONNA C/CABO|7896001016613||CX|00|96039000||||17,00|2802800|
|0220|CX|10,000000|
|0220|DI|2,000000|
|0220|UN|1,000000|
|0200|1982|BOM AR SPRAY TALCO 12ML APAR. + REFIL|7891035539404||CX|00|33074900||||25,00||
|0220|CX|12,000000|
|0220|DI|6,000000|
|0220|UN|1,000000|
|0200|2035|BOM AR LAVANDA 12ML APAR. + REFIL|7891035539602||CX|00|33074900||||25,00|2003200|
|0220|CX|12,000000|
|0220|DI|6,000000|
|0220|UN|1,000000|
|0200|2037|BOM AR C. SPRAY CAMPOS DE LAV. REFIL 12ML|7891035539701||CX|00|33074900||||25,00|2003200|
|0220|CX|18,000000|
|0220|DI|6,000000|
|0220|UN|1,000000|
|0200|2176|ESCOVA ENGRAXATE PLASTICA|7896001006058||CX|00|96039000||||17,00|2802800|
|0220|CX|24,000000|
|0220|DI|3,000000|
|0220|UN|1,000000|
|0200|2204|POLIFLOR LUSTRA MOV. LAV. 200ML LV 3 PG 2|7891035502231||CX|00|34052000||||17,00||
|0220|CX|24,000000|
|0220|UN|1,000000|
|0200|2389|DESTAC LIMP. MULTIP. LAV E ALF. REF. 500ML|7891035116070||CX|00|34025000||||17,00|1100700|
|0220|CX|12,000000|
|0220|DI|6,000000|
|0220|UN|1,000000|
|0200|2391|DESTAC LIMP MULTIP. LIRIO E MAG. REF 500ML|7891035116179||CX|00|34025000||||17,00|1100700|
|0220|CX|12,000000|
|0220|DI|6,000000|
|0220|UN|1,000000|
|0200|2395|VANISH ROSA GEL MULTIUSO POUCH 500ML|7891035041006||CX|00|34025000||||17,00|1100700|
|0220|CX|12,000000|
|0220|DI|6,000000|
|0220|UN|1,000000|
|0200|2817|SBP MULTI-INSETICIDA SPRAY 450ML LV. + PG .|7891035617959||CX|00|38089119||||17,00||
|0220|CX|24,000000|
|0220|DI|6,000000|
|0220|UN|1,000000|
|0200|2821|POLIFLOR LUSTRA MOV MULTISSUPERFICIES 200ML|7891035502583||CX|00|34052000||||17,00||
|0220|CX|24,000000|
|0220|DI|6,000000|
|0220|UN|1,000000|
|0200|2871|VEJA MULTIUSO MACA VERDE 500ml|7891035210433||CX|00|34025000||||17,00|1100700|
|0220|CX|24,000000|
|0220|DI|6,000000|
|0220|UN|1,000000|
|0200|3036|ESP.ESFREBOM LIMPEZA PESADA|7896001004535||CX|00|68053090||||17,00|1100900|
|0220|CX|60,000000|
|0220|DI|12,000000|
|0220|UN|1,000000|
|0200|3070|BOM JESUS 250G TRADICIONAL|7896035733319||CX|00|09012100|001|||17,00|1709600|
|0220|CX|20,000000|
|0220|DI|5,000000|
|0220|UN|1,000000|
|0200|3130|BOM JESUS EXPRESSO GRAO 1Kg|7896035730028||CX|00|09012100|001|||17,00|1709602|
|0220|CX|1,000000|
|0220|UN|1,000000|
|0200|3308|DESTAC LIMP. PISOS PORCEL. E CERAM. 750ML|7891035115837||CX|00|34025000||||17,00|1100700|
|0220|CX|12,000000|
|0220|DI|6,000000|
|0220|UN|1,000000|
|0200|3451|REPELEX KIDS REPELENTE GEL 133ML|7891035622205||CX|00|38089199||||17,00||
|0220|CX|12,000000|
|0220|DI|3,000000|
|0220|UN|1,000000|
|0200|3467|CAFE BOM JESUS 500G TRADICIONAL|7896035733326||CX|00|09012100|001|||17,00|1709600|
|0220|CX|20,000000|
|0220|DI|5,000000|
|0220|UN|1,000000|
|0200|3555|CADEIRA DE PRAIA 1UN.|||UN|00|94017900||||0,00|2804000|
|0220|CX|1,000000|
|0220|UN|1,000000|
|0200|3580|VANISH OXI ACTION CRYSTAL WHITE PO 450G|7891035050602||CX|00|34025000||||17,00|1100700|
|0220|CX|12,000000|
|0220|DI|3,000000|
|0220|UN|1,000000|
|0200|3582|VANISH OXI ACTION ROSA POTE 450G|7891035040702||CX|00|34025000||||17,00|1100700|
|0220|CX|12,000000|
|0220|DI|3,000000|
|0220|UN|1,000000|
|0200|3711|FORNO MICROONDAS 127 Volts|||CX|00|85165000||||0,00|2104500|
|0220|CX|1,000000|
|0220|UN|1,000000|
|0200|3713|RODO VAI E VEM G 50cm (1212)|7896001012127||CX|00|96039000||||17,00|2802800|
|0220|CX|12,000000|
|0220|DI|3,000000|
|0220|UN|1,000000|
|0200|3716|PA LIXO COLETORA ( CANGURU) BT140|7896001001404||CX|00|39249000||||17,00|1100900|
|0220|CX|6,000000|
|0220|UN|1,000000|
|0200|3753|GELATINA ZERO MARACUJA 12g|7622300172992||CX|00|21069029||||17,00||
|0220|CX|48,000000|
|0220|DI|12,000000|
|0220|UN|1,000000|
|0200|3754|GELATINA ZERO MORANGO 12g|7622300172787||CX|00|21069029||||17,00||
|0220|CX|48,000000|
|0220|DI|12,000000|
|0220|UN|1,000000|
|0200|3756|GELATINA ZERO UVA 12g|7622300172947||CX|00|21069029||||17,00||
|0220|CX|48,000000|
|0220|DI|12,000000|
|0220|UN|1,000000|
|0200|3757|FERMENTO PO ROYAL 100g|7622300119621||CX|00|21023000||||17,00||
|0220|CX|72,000000|
|0220|DI|6,000000|
|0220|UN|1,000000|
|0200|3791|AUTO PISTA SPEED CAR|||CX|00|22029000||||0,00||
|0220|CX|1,000000|
|0200|3829|BOTE INFLAVEL INTEX|||UN|00|95069900||||0,00||
|0220|CX|1,000000|
|0220|UN|1,000000|
|0200|3833|BOM AR FRESH CAMPOS DE LAVANDA REF 250ML|7891035539947||CX|00|33074900||||25,00|2003200|
|0220|CX|6,000000|
|0220|DI|3,000000|
|0220|UN|1,000000|
|0200|3906|GELATINA ZERO ABACAXI 12g|7622300172824||CX|00|21069029||||17,00||
|0220|CX|48,000000|
|0220|DI|12,000000|
|0220|UN|1,000000|
|0200|3907|GELATINA ZERO FRAMBOESA 12g|7622300172893||CX|00|21069029||||17,00||
|0220|CX|48,000000|
|0220|DI|12,000000|
|0220|UN|1,000000|
|0200|3908|GELATINA ZERO CEREJA 12g|7622300172879||CX|00|21069029||||17,00||
|0220|CX|48,000000|
|0220|DI|12,000000|
|0220|UN|1,000000|
|0200|3945|POLIFLOR CERA BRILHO MAX INCOL REF 500ML|7891035322198||CX|00|34059000||||17,00||
|0220|CX|12,000000|
|0220|DI|6,000000|
|0220|UN|1,000000|
|0200|3950|VANISH ALVEJANTE LIQUIDO S/CLORO WHITE 500ML|7891035040405||CX|00|34025000||||17,00|1100700|
|0220|CX|12,000000|
|0220|DI|6,000000|
|0220|UN|1,000000|
|0200|3951|VANISH ALVEJANTE LIQUIDO S/CLORO WHITE 1,5L|7891035040412||CX|00|34025000||||17,00|1100700|
|0220|CX|6,000000|
|0220|DI|3,000000|
|0220|UN|1,000000|
|0200|4023|VANISH ALVEJANTE LIQUIDO S/CLORO ROSA 3L|7891035040429||CX|00|34025000||||17,00|1100700|
|0220|CX|4,000000|
|0220|UN|1,000000|
|0200|4059|FILTRO MELI 30 f. 103 Grande|7891021001946||CX|00|48232099||||17,00|1401100|
|0220|CX|48,000000|
|0220|DI|6,000000|
|0220|UN|1,000000|
|0200|4068|FILTRO MELI 30 f. 102 Pequeno|7891021001885||CX|00|48232099||||17,00|1401100|
|0220|CX|48,000000|
|0220|DI|6,000000|
|0220|UN|1,000000|
|0200|4069|BOM AR FRESH LIMAO SIC.BAUNILHA REFIL 250ML|7891035539930||CX|00|33074900||||25,00||
|0220|CX|6,000000|
|0220|DI|3,000000|
|0220|UN|1,000000|
|0200|4071|FRAC.FILTRO MELITTA 103|7891021001960||DI|00|48232099||||17,00|1401100|
|0220|CX|48,000000|
|0220|DI|6,000000|
|0220|UN|1,000000|
|0200|4075|FILTRO MELI 30 f. 102 Peq. 8x6|7891021001885||CX|00|48232099||||17,00|1401100|
|0220|CX|48,000000|
|0220|DI|6,000000|
|0220|UN|1,000000|
|0200|4076|FILTRO MELI 30 f. 103 Grde 8x6|7891021001946||CX|00|48232099||||17,00|1401100|
|0220|CX|48,000000|
|0220|DI|6,000000|
|0220|UN|1,000000|
|0200|4077|HARPIC WC LIQ POWER PLUS 500ML|7891035128103||CX|00|34025000||||17,00|1100700|
|0220|CX|12,000000|
|0220|DI|6,000000|
|0220|UN|1,000000|
|0200|4081|MOP SEKITO NOVICA C /CABO|7896001014428||CX|00|96039000||||17,00|2802800|
|0220|CX|6,000000|
|0220|UN|1,000000|
|0200|4082|MOP REFIL SEKITO NOVICA|7896001001442||CX|00|96039000||||17,00|2802800|
|0220|CX|6,000000|
|0220|UN|1,000000|
|0200|4103|HARPIC TABLETE P/ CAIXA ACOPL. 50gr|7891035146008||CX|00|34025000||||17,00|1100700|
|0220|CX|24,000000|
|0220|DI|6,000000|
|0220|UN|1,000000|
|0200|4116|COAD. BRIGITTA 102 8x6 c/30|7891021002103||CX|00|48232099||||17,00|1401100|
|0220|CX|48,000000|
|0220|DI|6,000000|
|0220|UN|1,000000|
|0200|4118|COAD. BRIGITTA 103 8x6 c/30|7891021002127||CX|00|48232099||||17,00|1401100|
|0220|CX|48,000000|
|0220|DI|6,000000|
|0220|UN|1,000000|
|0200|4141|HARPIC PEDRA SANITARIA CITRUS 25G|7891035524233||CX|00|34025000||||17,00|1100700|
|0220|CX|36,000000|
|0220|DI|12,000000|
|0220|UN|1,000000|
|0200|4142|HARPIC PEDRA SANIT FLORES DA PRIMAV 25G|7891035524240||CX|00|34025000||||17,00|1100700|
|0220|CX|36,000000|
|0220|DI|12,000000|
|0220|UN|1,000000|
|0200|4148|SBP MULTI INSET. AUTOMATICO REFIL 250ML|7891035024917||CX|00|38089119||||17,00||
|0220|CX|6,000000|
|0220|DI|3,000000|
|0220|UN|1,000000|
|0200|4149|SBP MULTI INSET. AUTOMATICO APAR. + REFIL|7891035024931||CX|00|38089119||||17,00||
|0220|CX|4,000000|
|0220|UN|1,000000|
|0200|4157|ESCOVA SANIT SANILUX POTE PLAST|7896001005679||CX|00|96039000||||17,00|2802800|
|0220|CX|12,000000|
|0220|DI|3,000000|
|0220|UN|1,000000|
|0200|4161|BOLA DE FUTEBOL BRINDE|||UN|00|95063200||||17,50||
|0220|CX|1,000000|
|0220|UN|1,000000|
|0200|4164|SUPORTE COADOR 102 CORES|7891021000925||CX|00|39241000||||17,00|1400600|
|0220|CX|12,000000|
|0220|DI|6,000000|
|0220|UN|1,000000|
|0200|4166|SUPORTE COADOR 103 CORES|7891021000949||CX|00|39241000||||17,00|1400600|
|0220|CX|12,000000|
|0220|DI|6,000000|
|0220|UN|1,000000|
|0200|4167|SUPORTE COADOR 100|7891021000673||CX|00|39241000||||17,00|1400600|
|0220|CX|12,000000|
|0220|DI|6,000000|
|0220|UN|1,000000|
|0200|4196|SBP M. INSETICIDA CITRONELA 450ML LV. + PG. -|7891035024894||CX|00|38089119||||17,00||
|0220|CX|24,000000|
|0220|DI|6,000000|
|0220|UN|1,000000|
|0200|4201|VEJA PERFUMES LAVANDA DA FRANCA 500ML|7891035249433||CX|00|34025000||||17,00|1100700|
|0220|CX|24,000000|
|0220|DI|6,000000|
|0220|UN|1,000000|
|0200|4202|VEJA PERFUMES FLORES DO MEDITERRANEO 500ML|7891035249228||CX|00|34025000||||17,00|1100700|
|0220|CX|24,000000|
|0220|DI|6,000000|
|0220|UN|1,000000|
|0200|4246|VEJA MULTIUSO LAVANDA E ALCOOL 500ML|7891035210334||CX|00|34025000||||17,00|1100700|
|0220|CX|24,000000|
|0220|DI|6,000000|
|0220|UN|1,000000|
|0200|4309|VANISH CRYSTAL WHITE GEL POUCH 500ML|7891035040436||CX|00|34025000||||17,00|1100700|
|0220|CX|12,000000|
|0220|DI|6,000000|
|0220|UN|1,000000|
|0200|4317|PUDIM ROYAL BAUNILHA 50G|7622300285975||CX|00|21069021||||17,00||
|0220|CX|48,000000|
|0220|DI|12,000000|
|0220|UN|1,000000|
|0200|4319|PUDIM ROYAL CHOCOLATE 50G|7622300286019||CX|00|21069021||||17,00||
|0220|CX|48,000000|
|0220|DI|12,000000|
|0220|UN|1,000000|
|0200|4421|SBP MULTI INSET AUTOM CITRONELA APAR + REF|7891035024979||CX|00|38089119||||17,00||
|0220|CX|4,000000|
|0220|UN|1,000000|
|0200|4458|SBP M. INSETICIDA EUCALIPTO 450ML LV. + PG. -|7891035024993||CX|00|38089119||||17,00||
|0220|CX|24,000000|
|0220|DI|6,000000|
|0220|UN|1,000000|
|0200|4528|ESP. ESFREBOM METALICA|7896001004580||CX|00|73231000||||17,00|1101100|
|0220|CX|60,000000|
|0220|DI|12,000000|
|0220|UN|1,000000|
|0200|4536|HARPIC PEDRA SANITARIA LAVANDA 25G|7891035524189||CX|00|34025000||||17,00|1100700|
|0220|CX|36,000000|
|0220|DI|12,000000|
|0220|UN|1,000000|
|0200|4539|VEJA LIMPEZA PESADA FLORAL CAMPESTRE 1L|7891035215322||CX|00|34025000||||17,00|1100700|
|0220|CX|12,000000|
|0220|DI|3,000000|
|0220|UN|1,000000|
|0200|4601|ESP.ESFREBOM C/4 UN CX EXPOSITORA|||CX|00|68053090||||17,00|1100900|
|0220|CX|144,000000|
|0220|UN|1,000000|
|0200|4686|FINISH ABRILHANTADOR LIQ 250ML|7891035023514||CX|00|34025000||||17,00|1100500|
|0220|CX|16,000000|
|0220|DI|4,000000|
|0220|UN|1,000000|
|0200|4687|POLIFLOR CERA BRIL DAS PEROLAS INCOL 700ML|7891035919244||CX|00|34059000||||17,00||
|0220|CX|12,000000|
|0220|DI|3,000000|
|0220|UN|1,000000|
|0200|4698|BOM AR AEROSOL FLOR DE ALGODAO 360ML|7891035534072||CX|00|33074900||||25,00|2003200|
|0220|CX|12,000000|
|0220|DI|3,000000|
|0220|UN|1,000000|
|0200|4785|BOM JESUS 500G 10 kg E. FORTE|7896035733449||CX|00|09012100|001|||17,00|1709600|
|0220|CX|20,000000|
|0220|DI|5,000000|
|0220|UN|1,000000|
|0200|4836|VEJA PERFUMES LAVANDA DA FRANCA 1L|7891035249013||CX|00|34025000||||17,00|1100700|
|0220|CX|12,000000|
|0220|DI|6,000000|
|0220|UN|1,000000|
|0200|4837|VEJA PERFUMES FLORES DO MEDITERRANEO 1L|7891035215339||CX|00|34025000||||17,00|1100700|
|0220|CX|12,000000|
|0220|DI|6,000000|
|0220|UN|1,000000|
|0200|4838|POLIFLOR CERA BRIL MAX INC 750 ML 30% DESC|7891035322167||CX|00|34059000||||17,00||
|0220|CX|12,000000|
|0220|DI|3,000000|
|0220|UN|1,000000|
|0200|4862|ESCOVA CABELO BRANCA 036H2P2|820020101302710||CX|00|96032900||||0,00|2802700|
|0220|CX|144,000000|
|0220|DI|36,000000|
|0220|UN|1,000000|
|0200|4866|POLIFLOR CERA BRIL PRAT INC 750ML 30% DESC|7891035322495||CX|00|34059000||||17,00||
|0220|CX|12,000000|
|0220|DI|3,000000|
|0220|UN|1,000000|
|0200|4989|BUBBALOO BAG BASE MORANGO FRUTA|7895800116500||CX|00|17041000||||17,00||
|0220|CX|40,000000|
|0220|DI|5,000000|
|0220|UN|1,000000|
|0200|5068|VANISH RESOLV WHITE PRE LAVAGEM LIQ. 450ML|7891035040450||CX|00|34025000||||17,00|1100700|
|0220|CX|12,000000|
|0220|DI|6,000000|
|0220|UN|1,000000|
|0200|5071|BALDE NOVICA C/ESCOR.PEQ.9L|7896001020214||CX|00|39249000||||17,00|1100900|
|0220|CX|6,000000|
|0220|UN|1,000000|
|0200|5072|BRILHUS PA LIXO PLASTICA|7896001020207||CX|00|39249000||||17,00|1100900|
|0220|CX|36,000000|
|0220|DI|12,000000|
|0220|UN|1,000000|
|0200|5140|HARPIC PEDRA SANITARIA PINHO 25G|7891035524271||CX|00|34025000||||17,00|1100700|
|0220|CX|36,000000|
|0220|DI|12,000000|
|0220|UN|1,000000|
|0200|5153|NUGGET LIQUIDO INCOLOR 60ML|7891035570209||CX|00|34051000||||17,00||
|0220|CX|24,000000|
|0220|DI|6,000000|
|0220|UN|1,000000|
|0200|5154|NUGGET POLIDOR DE SAPATOS LIQ. MARROM 60ML|7891035570100||CX|00|34051000||||17,00||
|0220|CX|24,000000|
|0220|DI|6,000000|
|0220|UN|1,000000|
|0200|5155|NUGGET POLIDOR DE SAPATOS LIQ. PRETO 60ML|7891035570001||CX|00|34051000||||17,00||
|0220|CX|24,000000|
|0220|DI|6,000000|
|0220|UN|1,000000|
|0200|5156|NUGGET LIQUIDO BRANCO 60ML|7891035570308||CX|00|34051000||||17,00||
|0220|CX|24,000000|
|0220|DI|6,000000|
|0220|UN|1,000000|
|0200|5158|NUGGET PASTA P/ SAPATOS MARROM 36G|7791130002950||CX|00|34051000||||17,00||
|0220|CX|72,000000|
|0220|DI|6,000000|
|0220|UN|1,000000|
|0200|5159|NUGGET PASTA P/ SAPATOS PRETO 36G|7791130002554||CX|00|34051000||||17,00||
|0220|CX|72,000000|
|0220|DI|6,000000|
|0220|UN|1,000000|
|0200|5190|HARPIC PEDRA SANITARIA CLORO 25G|7891035524349||CX|00|34025000||||17,00|1100700|
|0220|CX|36,000000|
|0220|DI|12,000000|
|0220|UN|1,000000|
|0200|5209|VEJA PERFUMES FLORES DO MEDITERRANEO 2L|7891035228292||CX|00|34025000||||17,00|1100700|
|0220|CX|6,000000|
|0220|DI|3,000000|
|0220|UN|1,000000|
|0200|5210|VEJA PERFUMES LAVANDA DA FRANCA 2L|7891035228285||CX|00|34025000||||17,00|1100700|
|0220|CX|6,000000|
|0220|DI|3,000000|
|0220|UN|1,000000|
|0200|5225|COLHER MEDIDA|||CX|00|39241000||||17,00||
|0220|CX|1000,000000|
|0220|UN|1,000000|
|0200|5244|EXTRATOMATO SACHE 300G|7896036095652||CX|00|20029000||||17,00|1704000|
|0220|CX|24,000000|
|0220|DI|12,000000|
|0220|UN|1,000000|
|0200|5266|BOM AR C SPRAY CAMP DE LAV REF 12ML LV 3 PG 2|7891035539527||CX|00|33074900||||25,00|2003200|
|0220|CX|12,000000|
|0220|DI|6,000000|
|0220|UN|1,000000|
|0200|5288|BOM AR AER LIM SICIL E BAUN/FRESC CAMP 360ML|7891035536700||CX|00|33074900||||25,00|2003200|
|0220|CX|12,000000|
|0220|DI|3,000000|
|0220|UN|1,000000|
|0200|5334|ROLO ADESIVO PAPEL NOVICA|7896001002012||CX|00|39249000||||17,00|1100900|
|0220|CX|24,000000|
|0220|DI|3,000000|
|0220|UN|1,000000|
|0200|5384|EXTRATO ELEFANTE SACHE 190G|7896036095645||CX|00|20029000||||17,00|1704000|
|0220|CX|36,000000|
|0220|DI|12,000000|
|0220|UN|1,000000|
|0200|5389|NOTEBOOK POSITIVO|||UN|00|84713012||||0,00||
|0220|CX|1,000000|
|0220|UN|1,000000|
|0200|5479|GELATINA SEM SABOR INCOLOR 24g|7893333229001||CX|00|21069029||||17,00||
|0220|CX|48,000000|
|0220|DI|12,000000|
|0220|UN|1,000000|
|0200|5507|FERMENTO PO ROYAL 250g|7622300119652||CX|00|21023000||||17,00||
|0220|CX|48,000000|
|0220|DI|6,000000|
|0220|UN|1,000000|
|0200|5544|AMANDITA 200g|7896019607636||CX|00|19053200||||12,00|1705700|
|0220|CX|30,000000|
|0220|DI|6,000000|
|0220|UN|1,000000|
|0200|5566|BON GOUTER PARMESAO 100G|7893333733355||CX|00|19059020||||12,00|1705602|
|0220|CX|24,000000|
|0220|DI|6,000000|
|0220|UN|1,000000|
|0200|5585|TARANTELLA MANJERICAO SACHE 340G|7896036095881||CX|00|21032010||||17,00|1704100|
|0220|CX|24,000000|
|0220|DI|12,000000|
|0220|UN|1,000000|
|0200|5662|VASSOURA NOVICA ORIGINAL C/CABO|7896001016712||CX|00|96039000||||17,00|2802800|
|0220|CX|15,000000|
|0220|DI|3,000000|
|0220|UN|1,000000|
|0200|5683|POMAROLA CASEIRO CLASSICO SACHE 300G|7896036036051||CX|00|21032010||||17,00|1704100|
|0220|CX|24,000000|
|0220|DI|6,000000|
|0220|UN|1,000000|
|0200|5684|POMAROLA CASEIRO AZEITONA SACHE 300G|7896036096062||CX|00|21032010||||17,00|1704100|
|0220|CX|24,000000|
|0220|DI|6,000000|
|0220|UN|1,000000|
|0200|5685|POMAROLA MANJERICAO SACHE 300G|7896036096079||CX|00|21032010||||17,00|1704100|
|0220|CX|24,000000|
|0220|DI|6,000000|
|0220|UN|1,000000|
|0200|5855|VASSOURA USO EXTERNO C/CABO (CASA E RUA)|7896001016415||CX|00|96039000||||17,00|2802800|
|0220|CX|15,000000|
|0220|DI|3,000000|
|0220|UN|1,000000|
|0200|5882|HARPIC BLOCO HIG.LAVANDA 26G|7891035524455||CX|00|34025000||||17,00|1100700|
|0220|CX|24,000000|
|0220|DI|6,000000|
|0220|UN|1,000000|
|0200|5887|BOM AR FRESH SPRAY CAMP LAV APAR + REF 250ML|7891035919787||CX|00|33074900||||25,00||
|0220|CX|4,000000|
|0220|UN|1,000000|
|0200|5895|BIS LAKA 126G|7622300807283||CX|00|19053200||||12,00|1705800|
|0220|CX|60,000000|
|0220|DI|5,000000|
|0220|UN|1,000000|
|0200|5896|HARPIC BLOCO HIG.PINHO 26G|7891035524516||CX|00|34025000||||17,00|1100700|
|0220|CX|24,000000|
|0220|DI|6,000000|
|0220|UN|1,000000|
|0200|5952|DESENTUPIDOR SANIT SANILUX BORRACHA|7896001004795||CX|00|40169990||||17,00|0800100|
|0220|CX|6,000000|
|0220|DI|3,000000|
|0220|UN|1,000000|
|0200|5975|VANISH SUPER BARRA ROSA TIRA MANCHAS 75G|7891035040191||CX|00|34025000||||17,00|1100700|
|0220|CX|48,000000|
|0220|DI|12,000000|
|0220|UN|1,000000|
|0200|5988|POMAROLA TOMATE PELADO LATA 400G|7896036095669||CX|00|20021000||||17,00|1704000|
|0220|CX|24,000000|
|0220|DI|12,000000|
|0220|UN|1,000000|
|0200|6058|VEJA COZINHA LIMAO PULV. 500ML 30% DESC.|7891035800054||CX|00|34025000||||17,00|1100700|
|0220|CX|12,000000|
|0220|DI|6,000000|
|0220|UN|1,000000|
|0200|6072|CAFE MELITTA TRADICIONAL 250g|7891021006071||CX|00|09012100|001|||17,00|1709600|
|0220|CX|20,000000|
|0220|DI|5,000000|
|0220|UN|1,000000|
|0200|6121|CAFE MELITTA TRADICIONAL 500g|7891021006125||CX|00|09012100|001|||17,00|1709600|
|0220|CX|20,000000|
|0220|DI|5,000000|
|0220|UN|1,000000|
|0200|6157|SBP PASTILHAS 12H CITRONELA REF LV 12 PG10|7891035025020||CX|00|38089119||||17,00||
|0220|CX|100,000000|
|0220|DI|20,000000|
|0220|UN|1,000000|
|0200|6160|HARPIC TABLETE P/ CAIXA ACOPL PINHO CAMP 50G|7891035142420||CX|00|34025000||||17,00|1100700|
|0220|CX|24,000000|
|0220|DI|6,000000|
|0220|UN|1,000000|
|0200|6167|OLEO MARIA COMP. PET 500ML TRADICIONAL|7896036096437||CX|00|15179010||||17,00|1707400|
|0220|CX|20,000000|
|0220|DI|3,000000|
|0220|UN|1,000000|
|0200|6169|OLEO MARIA COMP. PET 500ML ALHO|7896036096451||CX|00|15179010||||17,00|1707400|
|0220|CX|20,000000|
|0220|DI|3,000000|
|0220|UN|1,000000|
|0200|6170|OLEO MARIA COMP. PET 500ML ERVAS FINAS|7896036096444||CX|00|15179010||||17,00|1707400|
|0220|CX|20,000000|
|0220|DI|3,000000|
|0220|UN|1,000000|
|0200|6184|OREO ORIGINAL 90G|7622300830151||CX|00|19053100||||12,00|1705300|
|0220|CX|48,000000|
|0220|DI|6,000000|
|0220|UN|1,000000|
|0200|6185|OREO ORIGINAL MULTIPACK 144G|7622300830090||CX|00|19053100||||12,00|1705300|
|0220|CX|28,000000|
|0220|DI|4,000000|
|0220|UN|1,000000|
|0200|6199|TV LED 47 POLEGADAS|||CX|00|85287200||||0,00||
|0220|CX|1,000000|
|0220|UN|1,000000|
|0200|6302|CAFE DESCAF.CLASSICO 250G|7891021006309||CX|00|09012200|001|||17,00|1709600|
|0220|CX|20,000000|
|0220|DI|5,000000|
|0220|UN|1,000000|
|0200|6324|VASSOURA BOLA PELO C/CABO|7896001018419||CX|00|96039000||||17,00|2802800|
|0220|CX|8,000000|
|0220|UN|1,000000|
|0200|6333|VASSOURA NOVICA EDICAO ESPECIAL BRASIL|7896001016767||CX|00|96039000||||17,00|2802800|
|0220|CX|15,000000|
|0220|UN|1,000000|
|0200|6360|BOLA BRAZUCA COPA 2014|||UN|00|95066200||||0,00||
|0220|CX|1,000000|
|0220|UN|1,000000|
|0200|6368|VANISH PO ROSA+VANISH PO WHITE 450G 50% DESC|7891035040740||CX|00|34025000||||17,00|1100700|
|0220|CX|12,000000|
|0220|UN|1,000000|
|0200|6396|JAQUETA NYLON MASC GREMIO|||UN|00|85167100||||0,00||
|0220|CX|1,000000|
|0220|UN|1,000000|
|0200|6397|JAQUETA NYLON INTERNACIONAL|||UN|00|61013000||||0,00||
|0220|CX|1,000000|
|0220|UN|1,000000|
|0200|6398|CAFETEIRA SINGLE COLORS 127V|7898221455784||UN|00|85167100||||0,00||
|0220|CX|1,000000|
|0220|UN|1,000000|
|0200|6399|CAFETEIRA SINGLE COLORS 220V|7898221454770||UN|00|85167100||||0,00||
|0220|CX|1,000000|
|0220|UN|1,000000|
|0200|6414|ABS INTIMUS C/32 TRIPLA PROT SECA C/ABAS|7896007544059||CX|00|96190000||||0,00|2005000|
|0220|CX|15,000000|
|0220|UN|1,000000|
|0200|6416|ABS INTIMUS C/32 TRIPLA PROT SUAVE C/ABAS|7896007544042||CX|00|96190000||||0,00|2005000|
|0220|CX|15,000000|
|0220|UN|1,000000|
|0200|6426|PANO MULTIUSO ALMOF ESFREBOM VERMELHO|7896001049062||CX|00|56031250||||17,00||
|0220|CX|25,000000|
|0220|DI|10,000000|
|0220|UN|1,000000|
|0200|6427|PANO MULTIUSO ALMOF ESFREBOM VERDE|7896001049079||CX|00|56031250||||17,00||
|0220|CX|25,000000|
|0220|DI|10,000000|
|0220|UN|1,000000|
|0200|6436|OREO ORIGINAL DISPLAY 288G|7622300830083||CX|00|19053100||||12,00|1705300|
|0220|CX|128,000000|
|0220|DI|8,000000|
|0220|UN|1,000000|
|0200|6541|CAFE MOIDO 1 kg INSTITUCIONAL|7891021006545||CX|00|09012100|001|||17,00|1709600|
|0220|CX|10,000000|
|0220|UN|1,000000|
|0200|6645|EXTRATO ELEFANTE LT.375G LV MAIS PAG MENOS|7896036097069||CX|00|20029000||||17,00|1704000|
|0220|CX|24,000000|
|0220|DI|12,000000|
|0220|UN|1,000000|
|0200|6674|VEJA MULTIUSO ORIGINAL 10% DESC. 500ML|7891035800214||CX|00|34025000||||17,00|1100700|
|0220|CX|24,000000|
|0220|DI|6,000000|
|0220|UN|1,000000|
|0200|6676|VEJA COZINHA LIMAO SQ. 500ML 20% DESC.|7891035800245||CX|00|34025000||||17,00|1100700|
|0220|CX|24,000000|
|0220|DI|6,000000|
|0220|UN|1,000000|
|0200|6678|VEJA BANH. X-14 CLORO AT. SQ. 500ML 20% DESC.|7891035800238||CX|00|34025000||||17,00|1100700|
|0220|CX|24,000000|
|0220|DI|6,000000|
|0220|UN|1,000000|
|0200|6679|VEJA VIDREX SQUEEZE 500ML 20% DESC.|7891035800207||CX|00|34025000||||17,00|1100700|
|0220|CX|24,000000|
|0220|DI|3,000000|
|0220|UN|1,000000|
|0200|6720|AR SPLIT 9000 BTUS AQ09UWBUXAZ QF INT 220 SAMSUNG|||CX|00|84501900||||0,00||
|0220|CX|1,000000|
|0220|UN|1,000000|
|0200|6721|AR SPLIT 9000 BTUS AQ09UWBUXAZ QF EXT 220 SAMSUNG|||CX|00|84501900||||0,00||
|0220|CX|1,000000|
|0220|UN|1,000000|
|0200|6733|MAQ CAFE EXPRESSO S04 RED (RB)|||UN|00|87120010||||0,00||
|0220|CX|1,000000|
|0220|UN|1,000000|
|0200|6734|KIT CAIPIRINHA 3 PCS (RB)|||UN|00|87120010||||0,00||
|0220|CX|1,000000|
|0220|UN|1,000000|
|0200|6735|KIT PIZZA C/4PCS (RB)|||UN|00|87120010||||0,00||
|0220|CX|1,000000|
|0220|UN|1,000000|
|0200|6736|VIVA VOZ BLUETOOTH P/ CARRO (RB)|||UN|00|87120010||||0,00||
|0220|CX|1,000000|
|0220|UN|1,000000|
|0200|6737|TABLET|||UN|00|87120010||||0,00||
|0220|CX|1,000000|
|0220|UN|1,000000|
|0200|6738|VENTILADOR TORRE DE MESA (RB)|||UN|00|87120010||||0,00||
|0220|CX|1,000000|
|0220|UN|1,000000|
|0200|6739|MOCHILA EM NYLON TERMICA C/ ACESSORIOS (RB)|||UN|00|87120010||||0,00||
|0220|CX|1,000000|
|0220|UN|1,000000|
|0200|6740|KIT CHURRASCO C/15 PCS (RB)|||UN|00|87120010||||0,00||
|0220|CX|1,000000|
|0220|UN|1,000000|
|0200|6741|KIT VINHO (RB)|||UN|00|87120010||||0,00||
|0220|CX|1,000000|
|0220|UN|1,000000|
|0200|6742|KIT CHURRASCO 4 PCS (RB)|||UN|00|87120010||||0,00||
|0220|CX|1,000000|
|0220|UN|1,000000|
|0200|6743|RASPADINHA - KIT VINHO (RB)|||UN|00|87120010||||0,00||
|0220|CX|1,000000|
|0220|UN|1,000000|
|0200|6744|RASPADINHA - KIT CAIPIRINHA (RB)|||UN|00|87120010||||0,00||
|0220|CX|1,000000|
|0220|UN|1,000000|
|0200|6745|RASPADINHA - VIVA VOZ BLUETOOTH P/ CARRO (RB)|||UN|00|87120010||||0,00||
|0220|CX|1,000000|
|0220|UN|1,000000|
|0200|6746|RASPADINHA - KIT CHURRASCO 15PCS (RB)|||UN|00|87120010||||0,00||
|0220|CX|1,000000|
|0220|UN|1,000000|
|0200|6747|RASPADINHA - VENTILADOR TORRE DE MESA (RB)|||UN|00|87120010||||0,00||
|0220|CX|1,000000|
|0220|UN|1,000000|
|0200|6748|RASPADINHA - KIT PIZZA (RB)|||UN|00|87120010||||0,00||
|0220|CX|1,000000|
|0220|UN|1,000000|
|0200|6749|RASPADINHA - KIT CHURRASCO 4 PCS (RB)|||UN|00|87120010||||0,00||
|0220|CX|1,000000|
|0220|UN|1,000000|
|0200|6750|RASPADINHA -MOCHILA NILON TERMICA C/ACESSORIOS (RB)|||UN|00|87120010||||0,00||
|0220|CX|1,000000|
|0220|UN|1,000000|
|0200|6802|AR PORTATIL PHILCO PH13000 220V|||CX|00|84501900||||0,00||
|0220|CX|1,000000|
|0220|UN|1,000000|
|0200|6803|SACO LIXO ESFREBOM 100 LT ALMOFADA|7896001003040||CX|00|39232190||||17,00|1101200|
|0220|CX|12,000000|
|0220|DI|6,000000|
|0220|UN|1,000000|
|0200|6804|SACO LIXO ESFREBOM 50 LT ALMOFADA|7896001003033||CX|00|39232190||||17,00|1101200|
|0220|CX|12,000000|
|0220|DI|6,000000|
|0220|UN|1,000000|
|0200|6805|SACO LIXO ESFREBOM 15 LT *ROLO* AZUL|7896001003057||CX|00|39232190||||17,00|1101200|
|0220|CX|12,000000|
|0220|DI|6,000000|
|0220|UN|1,000000|
|0200|6806|SACO LIXO ESFREBOM 100 LT *ROLO* AZUL|7896001003088||CX|00|39232190||||17,00|1101200|
|0220|CX|12,000000|
|0220|DI|6,000000|
|0220|UN|1,000000|
|0200|6807|SACO LIXO ESFREBOM 50 LT *ROLO* AZUL|7896001003071||CX|00|39232190||||17,00|1101200|
|0220|CX|12,000000|
|0220|DI|6,000000|
|0220|UN|1,000000|
|0200|6854|LAVADORA 220V|||CX|00|84501900||||0,00||
|0220|CX|1,000000|
|0220|UN|1,000000|
|0200|6860|LIVRO 50 TONS DE CINZA 3 VOLUMES|||CX|00|84501900||||0,00||
|0220|CX|1,000000|
|0220|UN|1,000000|
|0200|6861|CAFE ESPECIAL 500g|7891021006866||CX|00|09012100|001|||17,00|1709600|
|0220|CX|20,000000|
|0220|DI|5,000000|
|0220|UN|1,000000|
|0200|6874|PLENITUD PROTECT PLUS P/M 8F|7896007547128||CX|00|96190000||||0,00|2004800|
|0220|CX|4,000000|
|0220|UN|1,000000|
|0200|6875|PLENITUD PROTECT PLUS G/XG 8F|7896007547173||CX|00|96190000||||0,00|2004800|
|0220|CX|4,000000|
|0220|UN|1,000000|
|0200|6876|PLENITUD TOA UMEDEC ADULTO (AZUL)|7896018703551||CX|00|34011190||||0,00|2003401|
|0220|CX|12,000000|
|0220|UN|1,000000|
|0200|6878|VANISH ROSA 1,5L+VANISH WHITE 1,5L OF IMPERD|7891035040580||CX|00|34025000||||17,00|1100700|
|0220|CX|3,000000|
|0220|UN|1,000000|
|0200|6889|VANISH PODER O2 PRE LAVAGEM PULV. 500ML|7891035041051||CX|00|34025000||||17,00|1100700|
|0220|CX|12,000000|
|0220|DI|3,000000|
|0220|UN|1,000000|
|0200|6892|COLCHAO IBIZA 25X138|||CX|00|84501900||||0,00||
|0220|CX|1,000000|
|0220|UN|1,000000|
|0200|6922|CAFE MELITTA EXTRA FORTE 250g|7891021006927||CX|00|09012100|001|||17,00|1709600|
|0220|CX|20,000000|
|0220|DI|5,000000|
|0220|UN|1,000000|
|0200|6925|MDLZ LJ PERF- GRILL SANDUICHEIRA 220V|||CX|00|84501900||||0,00||
|0220|CX|1,000000|
|0220|UN|1,000000|
|0200|6931|CAFE MELITTA EXTRA FORTE 500g|7891021006934||CX|00|09012100|001|||17,00|1709600|
|0220|CX|20,000000|
|0220|DI|5,000000|
|0220|UN|1,000000|
|0200|6941|TANG UVA 25G|7622300861230||CX|00|21069010||||17,00|0301200|
|0220|CX|150,000000|
|0220|DI|15,000000|
|0220|UN|1,000000|
|0200|6944|TANG MARACUJA 25G|7622300861261||CX|00|21069010||||17,00|0301200|
|0220|CX|150,000000|
|0220|DI|15,000000|
|0220|UN|1,000000|
|0200|6945|TANG LARANJA 25G|7622300861186||CX|00|21069010||||17,00|0301200|
|0220|CX|150,000000|
|0220|DI|15,000000|
|0220|UN|1,000000|
|0200|6948|TANG ABACAXI 25G|7622300861148||CX|00|21069010||||17,00|0301200|
|0220|CX|150,000000|
|0220|DI|15,000000|
|0220|UN|1,000000|
|0200|6950|TANG LARANJA MAMAO 25G|7622300861872||CX|00|21069010||||17,00|0301200|
|0220|CX|150,000000|
|0220|DI|15,000000|
|0220|UN|1,000000|
|0200|6951|TANG LIMAO 25G|7622300861919||CX|00|21069010||||17,00|0301200|
|0220|CX|150,000000|
|0220|DI|15,000000|
|0220|UN|1,000000|
|0200|6952|TANG MANGA 25G|7622300861957||CX|00|21069010||||17,00|0301200|
|0220|CX|150,000000|
|0220|DI|15,000000|
|0220|UN|1,000000|
|0200|6958|MOP SPRAY NOVICA|7896001019126||CX|00|96039000||||17,00|2802800|
|0220|CX|4,000000|
|0220|UN|1,000000|
|0200|6963|VANISH SUPER BARRA WHITE TIRA MANCHAS 75G|7891035040269||CX|00|34025000||||17,00|1100700|
|0220|CX|48,000000|
|0220|DI|12,000000|
|0220|UN|1,000000|
|0200|6978|CAFETEIRA CADENCE*127V* 12 cf (Melitta)|7898221451557||UN|00|85167100||||0,00||
|0220|CX|1,000000|
|0220|UN|1,000000|
|0200|6980|PIPOQUEIRA CADENCE 127V|7898221456125||UN|00|85167100||||0,00||
|0220|CX|1,000000|
|0220|UN|1,000000|
|0200|7004|SHOT 20G|7622300862329||CX|00|18063210||||17,00|1700300|
|0220|CX|240,000000|
|0220|DI|20,000000|
|0220|UN|1,000000|
|0200|7015|GELATINA ROYAL MARACUJA (NOVO) 25G|7622300859855||CX|00|21069029||||17,00||
|0220|CX|90,000000|
|0220|DI|15,000000|
|0220|UN|1,000000|
|0200|7016|GELATINA ROYAL MORANGO (NOVO) 25G|7622300859817||CX|00|21069029||||17,00||
|0220|CX|90,000000|
|0220|DI|15,000000|
|0220|UN|1,000000|
|0200|7017|GELATINA ROYAL LIMAO (NOVO) 25G|7622300859893||CX|00|21069029||||17,00||
|0220|CX|90,000000|
|0220|DI|15,000000|
|0220|UN|1,000000|
|0200|7018|GELATINA ROYAL FRAMBOESA (NOVO) 25G|7622300859930||CX|00|21069029||||17,00||
|0220|CX|90,000000|
|0220|DI|15,000000|
|0220|UN|1,000000|
|0200|7019|GELATINA ROYAL CEREJA (NOVO) 25G|7622300859978||CX|00|21069029||||17,00||
|0220|CX|90,000000|
|0220|DI|15,000000|
|0220|UN|1,000000|
|0200|7021|GELATINA ROYAL ABACAXI (NOVO) 25G|7622300860059||CX|00|21069029||||17,00||
|0220|CX|90,000000|
|0220|DI|15,000000|
|0220|UN|1,000000|
|0200|7022|GELATINA ROYAL UVA (NOVO) 25G|7622300859770||CX|00|21069029||||17,00||
|0220|CX|90,000000|
|0220|DI|15,000000|
|0220|UN|1,000000|
|0200|7025|EXTRATO ELEFANTE*CEBOLA ALHO* 340G|7896036097328||CX|00|20029000||||17,00|1704000|
|0220|CX|24,000000|
|0220|DI|12,000000|
|0220|UN|1,000000|
|0200|7027|EXTRATO ELEFANTE*E.FINAS* 130G LATA|7896036097342||CX|00|20029000||||17,00|1704000|
|0220|CX|48,000000|
|0220|DI|12,000000|
|0220|UN|1,000000|
|0200|7059|HARPIC PASTILHA ADES. 2 EM 1 CITRUS 9G 3 UNID|7891035525247||CX|00|34025000||||17,00|1100700|
|0220|CX|24,000000|
|0220|DI|6,000000|
|0220|UN|1,000000|
|0200|7060|HARPIC PASTILHA ADES LAVANDA 9G|7891035525223||CX|00|34025000||||17,00|1100700|
|0220|CX|24,000000|
|0220|DI|6,000000|
|0220|UN|1,000000|
|0200|7061|HARPIC PASTILHA ADESIVA PROMO PINHO 9G|7891035525230||CX|00|34025000||||17,00|1100700|
|0220|CX|24,000000|
|0220|DI|6,000000|
|0220|UN|1,000000|
|0200|7065|LACTA 5STAR 40G|7622210411501||CX|00|18069000||||17,00|1700400|
|0220|CX|144,000000|
|0220|DI|18,000000|
|0220|UN|1,000000|
|0200|7071|VEJA LIMPEZA PESADA FLORAL CAMPESTRE 2L|7891035228018||CX|00|34025000||||17,00|1100700|
|0220|CX|6,000000|
|0220|DI|3,000000|
|0220|UN|1,000000|
|0200|7072|PUCCINO TRADICIONAL200g|7891021007078||CX|00|21011200|001|||17,00|1710900|
|0220|CX|24,000000|
|0220|DI|6,000000|
|0220|UN|1,000000|
|0200|7073|BOM AR FRESH CAMP DE LAV 2 REF 250ML 50% DESC|7891035025273||CX|00|33074900||||25,00||
|0220|CX|4,000000|
|0220|UN|1,000000|
|0200|7081|TRIDENT SIN BASE MELANCIA 14s|7622300847753||CX|00|21069050||||17,00||
|0220|CX|144,000000|
|0220|DI|12,000000|
|0220|UN|1,000000|
|0200|7087|SBP REPELENTE LIQ. 45 NOITES REFIL 35ML|7891035618239||CX|00|38089119||||17,00||
|0220|CX|24,000000|
|0220|DI|6,000000|
|0220|UN|1,000000|
|0200|7088|SBP REPEL LIQ 45 NOITES CITRONELA REF 35ML|7891035618246||CX|00|38089119||||17,00||
|0220|CX|24,000000|
|0220|DI|6,000000|
|0220|UN|1,000000|
|0200|7089|SBP REPELENTE LIQ. 45 NOITES 2 REFIS 35ML 50% DESC 2 REFIL|7891035618277||CX|00|38089119||||17,00||
|0220|CX|12,000000|
|0220|DI|6,000000|
|0220|UN|1,000000|
|0200|7134|CAFETEIRA ELECTROLUX *127V* *25 CAFEZINHOS*|7896347148481||CX|00|85167100||||0,00|2104800|
|0220|CX|4,000000|
|0220|UN|1,000000|
|0200|7149|MOLHO SALADA LIZA CAESAR 234ML|7896036097458||CX|00|21039091||||17,00|1703500|
|0220|CX|12,000000|
|0220|DI|3,000000|
|0220|UN|1,000000|
|0200|7155|OREO CHOCOLATE 90G|7622300873554||CX|00|19053100||||12,00|1705300|
|0220|CX|48,000000|
|0220|DI|6,000000|
|0220|UN|1,000000|
|0200|7156|OREO CHOCOLATE DISPLAY 288G|7622300873455||CX|00|19053100||||12,00|1705300|
|0220|CX|128,000000|
|0220|DI|8,000000|
|0220|UN|1,000000|
|0200|7157|OREO CHOCOLATE MULTIPACK 144G|7622300873509||CX|00|19053100||||12,00|1705300|
|0220|CX|28,000000|
|0220|DI|4,000000|
|0220|UN|1,000000|
|0200|7182|CAFETEIRA CADENCE ROYAL *220V* 15 CAFES (Melitta)|7898221458716||UN|00|85167100||||0,00||
|0220|CX|1,000000|
|0220|UN|1,000000|
|0200|7184|EXTRATO ELEFANTE LATA 850G|7896036096673||CX|00|20029000||||17,00|1704000|
|0220|CX|12,000000|
|0220|DI|6,000000|
|0220|UN|1,000000|
|0200|7185|BOM AR DIF ELETR LAV E GER APAR + REF 16ML|7891035918001||CX|00|33074900||||25,00||
|0220|CX|12,000000|
|0220|DI|3,000000|
|0220|UN|1,000000|
|0200|7186|BOM AR DIF ELETR LAVANDA E GERANIO REF 16ML|7891035918018||CX|00|33074900||||25,00|2003200|
|0220|CX|12,000000|
|0220|DI|3,000000|
|0220|UN|1,000000|
|0200|7187|BOM AR DIF. ELETR. FRAMB. E JASMIM REF. 16ML|7891035918025||CX|00|33074900||||25,00|2003200|
|0220|CX|12,000000|
|0220|DI|3,000000|
|0220|UN|1,000000|
|0200|7188|BOM AR DIF ELETR LIRIO BR E ALGODAO REF 16ML|7891035918032||CX|00|33074900||||25,00|2003200|
|0220|CX|12,000000|
|0220|DI|3,000000|
|0220|UN|1,000000|
|0200|7204|FILTRO MELI 30 fi. N.2 Cafet cx 24|7891021002196||CX|00|48232099||||17,00|1401100|
|0220|CX|24,000000|
|0220|DI|6,000000|
|0220|UN|1,000000|
|0200|7246|FILTRO MELI 30 fi. N.4 Cafet cx 24|7891021002202||CX|00|48232099||||17,00|1401100|
|0220|CX|24,000000|
|0220|DI|6,000000|
|0220|UN|1,000000|
|0200|7260|ACUCAR BOM JESUS 1.000x5 g|7896035730707||CX|00|17019900|001|||17,00||
|0220|CX|1000,000000|
|0220|UN|1,000000|
|0200|7321|HARPIC BLOCO HIG FRESH CAIXA ACOPL 50% DESC 2UN.|7891035141348||CX|00|34025000||||17,00|1100700|
|0220|CX|12,000000|
|0220|DI|6,000000|
|0220|UN|1,000000|
|0200|7368|TOA UME HUGGIES 48toa PURECARE|7896007547913||CX|00|34011190||||0,00|2003401|
|0220|CX|24,000000|
|0220|UN|1,000000|
|0200|7381|VEJA X-14 TIRA LIMO CL AT 2 REF 50% DESC 2 UN|7891035800306||CX|00|34025000||||17,00|1100700|
|0220|CX|6,000000|
|0220|UN|1,000000|
|0200|7382|VEJA M.U.ORIG 2UN+1UN VEJA M.U. C/50% DESC|7891035800344||CX|00|34025000||||17,00|1100700|
|0220|CX|8,000000|
|0220|UN|1,000000|
|0200|7384|VEJA BANH. X-14 CL. AT. PULV 500ML 30% DESC|7891035800061||CX|00|34025000||||17,00|1100700|
|0220|CX|12,000000|
|0220|DI|6,000000|
|0220|UN|1,000000|
|0200|7386|VEJA VIDREX CRISTAL PULV 500ML C/30% DESC|7891035800276||CX|00|34025000||||17,00|1100700|
|0220|CX|12,000000|
|0220|DI|6,000000|
|0220|UN|1,000000|
|0200|7422|SOLUVEL SACHE 5Og|7891021007429||CX|00|21011110|001|||17,00|1710700|
|0220|CX|24,000000|
|0220|DI|6,000000|
|0220|UN|1,000000|
|0200|7424|FILTRO MELI 30 f. 100 cx 24|7891021002189||CX|00|48232099||||17,00|1401100|
|0220|CX|24,000000|
|0220|DI|6,000000|
|0220|UN|1,000000|
|0200|7505|CLUB SOCIAL (PROMO) ORIGINAL 288G|7622300990749||CX|00|19059020||||12,00|1705602|
|0220|CX|20,000000|
|0220|DI|5,000000|
|0220|UN|1,000000|
|0200|7506|CLUB SOCIAL INTEGRAL 144G|7622300992293||CX|00|19059020||||12,00|1705602|
|0220|CX|44,000000|
|0220|DI|6,000000|
|0220|UN|1,000000|
|0200|7509|BRILHUS MOP ALGODAO REFIL(BTN2023R)|7896001000766||CX|00|96039000||||17,00|2802800|
|0220|CX|12,000000|
|0220|DI|6,000000|
|0220|UN|1,000000|
|0200|7516|OREO MILKSHAKE 90G|7622300989408||CX|00|19053100||||12,00|1705300|
|0220|CX|48,000000|
|0220|DI|6,000000|
|0220|UN|1,000000|
|0200|7517|OREO MILKSHAKE MULTIPACK 144G|7622300989446||CX|00|19053100||||12,00|1705300|
|0220|CX|28,000000|
|0220|DI|4,000000|
|0220|UN|1,000000|
|0200|7519|CLUB SOCIAL (PROMO) INTEGRAL NOVO 288G|7622300992330||CX|00|19059020||||12,00|1705602|
|0220|CX|20,000000|
|0220|DI|5,000000|
|0220|UN|1,000000|
|0200|7535|SACO LIXO ESFREBOM 30 LT ROLO AZUL|7896001003064||CX|00|39232190||||17,00|1101200|
|0220|CX|12,000000|
|0220|DI|6,000000|
|0220|UN|1,000000|
|0200|7536|CAFETEIRA CADENCE ROYAL *127V* 15 CAFES (Melitta)|||UN|00|85167100||||0,00||
|0220|CX|1,000000|
|0220|UN|1,000000|
|0200|7542|SACO LIXO ESFREBOM 15 LT ALMOFADA|7896001003019||CX|00|39232190||||17,00|1101200|
|0220|CX|12,000000|
|0220|DI|6,000000|
|0220|UN|1,000000|
|0200|7543|SACO LIXO ESFREBOM 30 LT ALMOFADA|7896001003026||CX|00|39232190||||17,00|1101200|
|0220|CX|12,000000|
|0220|DI|6,000000|
|0220|UN|1,000000|
|0200|7572|CAFE COM LEITE 200g|7891021007573||CX|00|21011200|001|||17,00|1710700|
|0220|CX|24,000000|
|0220|DI|6,000000|
|0220|UN|1,000000|
|0200|7642|CLUB SOCIAL ORIGINAL 144G|7622300990701||CX|00|19059020||||12,00|1705602|
|0220|CX|44,000000|
|0220|DI|6,000000|
|0220|UN|1,000000|
|0200|7712|PUCCINO CHOCOLATE 200g|7891021007290||CX|00|21011200|001|||17,00|1710900|
|0220|CX|24,000000|
|0220|DI|6,000000|
|0220|UN|1,000000|
|0200|7717|LACTA DIAMANTE NEGRO 90G|7622300991500||CX|00|18063210||||17,00|1700300|
|0220|CX|68,000000|
|0220|DI|17,000000|
|0220|UN|1,000000|
|0200|7718|LACTA AO LEITE 90G|7622300991456||CX|00|18063210||||17,00|1700300|
|0220|CX|68,000000|
|0220|DI|17,000000|
|0220|UN|1,000000|
|0200|7719|LAKA 90G|7622300991418||CX|00|17049010||||17,00|1700100|
|0220|CX|68,000000|
|0220|DI|17,000000|
|0220|UN|1,000000|
|0200|7720|SHOT 90G|7622300991371||CX|00|18063210||||17,00|1700300|
|0220|CX|68,000000|
|0220|DI|17,000000|
|0220|UN|1,000000|
|0200|7722|PUCCINO ZERO LATA 140g|7891021007313||CX|00|21011200|001|||17,00|1710900|
|0220|CX|24,000000|
|0220|DI|6,000000|
|0220|UN|1,000000|
|0200|7724|MORTEIN RODASOL INSET AC. TOT. AER.400ML|7891035618369||CX|00|38089119||||17,00||
|0220|CX|12,000000|
|0220|DI|6,000000|
|0220|UN|1,000000|
|0200|7725|MORTEIN PRO INSET. MATA BAR. AER. 400ML|7891035618376||CX|00|38089119||||17,00||
|0220|CX|12,000000|
|0220|DI|6,000000|
|0220|UN|1,000000|
|0200|7728|EXTRATO ELEFANTE TETRA PACK 140G|7896036097809||CX|00|20029000||||17,00|1704000|
|0220|CX|48,000000|
|0220|DI|12,000000|
|0220|UN|1,000000|
|0200|7729|EXTRATO ELEFANTE TETRA PACK 280G|7896036097816||CX|00|20029000||||17,00|1704000|
|0220|CX|27,000000|
|0220|DI|9,000000|
|0220|UN|1,000000|
|0200|7730|EXTRATO ELEFANTE*STROGONOFF* 130G LATA|7896036097762||CX|00|20029000||||17,00|1704000|
|0220|CX|48,000000|
|0220|DI|12,000000|
|0220|UN|1,000000|
|0200|7752|SAB INT FEM INTIMUS DEFESA NATURAL 200ML|7896018703704||CX|00|34013000||||0,00|2003700|
|0220|CX|12,000000|
|0220|DI|3,000000|
|0220|UN|1,000000|
|0200|7754|PROT IDAYS L40P30 S/A S/P ULTRA FLEXIVEL|7896007548101||CX|00|96190000||||0,00|2005000|
|0220|CX|24,000000|
|0220|DI|6,000000|
|0220|UN|1,000000|
|0200|7755|PROT IDAYS LV80PG60 S/A S/P ULTRA FLEXIVEL|7896007548118||CX|00|96190000||||0,00|2005000|
|0220|CX|12,000000|
|0220|UN|1,000000|
|0200|7769|CLUB SOCIAL RECH REQUEIJAO 106G|7622210661661||CX|00|19059020||||12,00|1705602|
|0220|CX|42,000000|
|0220|DI|6,000000|
|0220|UN|1,000000|
|0200|7770|CLUB SOCIAL RECH QUEIJO TOMATE 106G|7622210661609||CX|00|19059020||||12,00|1705602|
|0220|CX|42,000000|
|0220|DI|6,000000|
|0220|UN|1,000000|
|0200|7773|MOP LIMPA VIDROS NOVICA|7896001019225||CX|00|96039000||||17,00|2802800|
|0220|CX|6,000000|
|0220|UN|1,000000|
|0200|7802|CLUB SOCIAL PIZZA 141G|7622210641151||CX|00|19059020||||12,00|1705602|
|0220|CX|44,000000|
|0220|DI|6,000000|
|0220|UN|1,000000|
|0200|7803|CLUB SOCIAL PRESUNTO 141G|7622210641632||CX|00|19059020||||12,00|1705602|
|0220|CX|44,000000|
|0220|DI|6,000000|
|0220|UN|1,000000|
|0200|7804|CLUB SOCIAL QUEIJO 141G|7622210644534||CX|00|19059020||||12,00|1705602|
|0220|CX|44,000000|
|0220|DI|6,000000|
|0220|UN|1,000000|
|0200|7811|AZEITE BORGES CLASSICO E.VIRG VD 500ML|8410179100036||CX|00|15092000||||17,00|1706700|
|0220|CX|12,000000|
|0220|DI|3,000000|
|0220|UN|1,000000|
|0200|7812|AZEITE BORGES CLASSICO E.VIRG VD 250ML|8410179100050||CX|00|15092000||||17,00|1706700|
|0220|CX|12,000000|
|0220|DI|3,000000|
|0220|UN|1,000000|
|0200|7815|AZEITE BORGES FRUTADO E.VIRG VD 500ML|8410179100357||CX|00|15092000||||17,00|1706700|
|0220|CX|12,000000|
|0220|DI|3,000000|
|0220|UN|1,000000|
|0200|7843|VINAGRE BALSAMICO BORGES 500ML|8410179306124||CX|00|22090000||||17,00||
|0220|CX|12,000000|
|0220|DI|3,000000|
|0220|UN|1,000000|
|0200|7939|SBP ADVANCED REPELENTE SPRAY KIDS 100ML|7891035618352||CX|00|38089199||||17,00||
|0220|CX|12,000000|
|0220|DI|3,000000|
|0220|UN|1,000000|
|0200|7979|CONJ P/ CHURRASCO INOX 3 PCS TRAMONTINA|||UN|00|87120010||||0,00||
|0220|CX|1,000000|
|0220|UN|1,000000|
|0200|8006|MOP REFIL LIMPA VIDROS NOVICA|7896001019218||CX|00|39269090||||17,00|2802800|
|0220|CX|6,000000|
|0220|UN|1,000000|
|0200|8010|ESP.ESFREBOM PRATEADA (BT484)|7896001004849||CX|00|63079090||||17,00|2806300|
|0220|CX|60,000000|
|0220|DI|12,000000|
|0220|UN|1,000000|
|0200|8019|DETEFON ACAO TOTAL LIQ.(NOVO) 500ML|7891035651700||CX|00|38089119||||17,00||
|0220|CX|12,000000|
|0220|DI|6,000000|
|0220|UN|1,000000|
|0200|8020|BELVITA AVELA E CACAU 75G|7622210661708||CX|00|19059020||||12,00|1705602|
|0220|CX|36,000000|
|0220|DI|6,000000|
|0220|UN|1,000000|
|0200|8022|BELVITA CACAU E CEREAIS 75G|7622210661852||CX|00|19059020||||12,00|1705602|
|0220|CX|36,000000|
|0220|DI|6,000000|
|0220|UN|1,000000|
|0200|8023|BELVITA LEITE E AVEIA 75G|7622210661746||CX|00|19059020||||12,00|1705602|
|0220|CX|36,000000|
|0220|DI|6,000000|
|0220|UN|1,000000|
|0200|8024|BELVITA MACA E CANELA 75G|7622210661777||CX|00|19059020||||12,00|1705602|
|0220|CX|36,000000|
|0220|DI|6,000000|
|0220|UN|1,000000|
|0200|8025|BELVITA MEL E CACAU 75G|7622210661814||CX|00|19059020||||12,00|1705602|
|0220|CX|36,000000|
|0220|DI|6,000000|
|0220|UN|1,000000|
|0200|8029|FINISH POWER TABS 18,62G|7891035024368||CX|00|34025000||||17,00|1100400|
|0220|CX|7,000000|
|0220|DI|3,000000|
|0220|UN|1,000000|
|0200|8082|HARPIC PEDRA SANITARIA MARINE 25G|7891035560798||CX|00|34025000||||17,00|1100700|
|0220|CX|36,000000|
|0220|DI|12,000000|
|0220|UN|1,000000|
|0200|8083|HARPIC PASTILHA AD 2 EM 1 P. PLUS 9G 3 UNID|7891035560804||CX|00|34025000||||17,00|1100700|
|0220|CX|24,000000|
|0220|DI|6,000000|
|0220|UN|1,000000|
|0200|8084|HARPIC PASTILHA ADESIVA CLORO 9G 3 UNID|7891035560811||CX|00|34025000||||17,00|1100700|
|0220|CX|24,000000|
|0220|DI|6,000000|
|0220|UN|1,000000|
|0200|8085|HARPIC PASTILHA ADESIVA MARINE 9G|7891035560828||CX|00|34025000||||17,00|1100700|
|0220|CX|24,000000|
|0220|DI|6,000000|
|0220|UN|1,000000|
|0200|8086|DESTAC LIMP. PISOS LAMIN. 750ML 20% DESC.|7891035116513||CX|00|34025000||||17,00|1100700|
|0220|CX|12,000000|
|0220|DI|3,000000|
|0220|UN|1,000000|
|0200|8087|DESTAC LIMP MULTIPISOS LAV 500ML 20% DESC|7891035116520||CX|00|34025000||||17,00|1100700|
|0220|CX|12,000000|
|0220|DI|6,000000|
|0220|UN|1,000000|
|0200|8088|DESTAC BRILHA MOVEIS LAVANDA 500ML 20% DESC.|7891035116537||CX|00|34052000||||17,00||
|0220|CX|12,000000|
|0220|DI|6,000000|
|0220|UN|1,000000|
|0200|8089|POLIFLOR LUSTRA MOVEIS LAVANDA 500L 20% DESC.|7891035116544||CX|00|34052000||||17,00||
|0220|CX|12,000000|
|0220|DI|6,000000|
|0220|UN|1,000000|
|0200|8091|HARPIC BLOCO HIG.LAV 26G 1UN+1UN C/50% DESC|7891035560781||CX|00|34025000||||17,00|1100700|
|0220|CX|12,000000|
|0220|DI|6,000000|
|0220|UN|1,000000|
|0200|8092|BOM AR REF JARDIM DE PEONIA 12ML|7891035538919||CX|00|33074900||||25,00||
|0220|CX|18,000000|
|0220|DI|6,000000|
|0220|UN|1,000000|
|0200|8093|BOM AR FLOR DE ALGODAO REFIL 12ML|7891035539039||CX|00|33074900||||25,00|2003200|
|0220|CX|18,000000|
|0220|DI|6,000000|
|0220|UN|1,000000|
|0200|8094|BOM AR CLICK SPRAY LIM BAUNI REF 12ML|7891035539206||CX|00|33074900||||25,00||
|0220|CX|18,000000|
|0220|DI|6,000000|
|0220|UN|1,000000|
|0200|8147|FRALDA HUGGIES S.CARE G 20FR JUMBO|7896007548378||CX|00|96190000||||0,00|2004800|
|0220|CX|9,000000|
|0220|UN|1,000000|
|0200|8164|FRALDA HUGGIES S.CARE M 24FR JUMBO|7896007548361||CX|00|96190000||||0,00|2004800|
|0220|CX|9,000000|
|0220|UN|1,000000|
|0200|8199|SACO LIXO ESFREBOM 08 LT PIA *ROLO* AZUL|7896001003118||CX|00|39232190||||17,00|1101200|
|0220|CX|25,000000|
|0220|DI|5,000000|
|0220|UN|1,000000|
|0200|8208|TARANTELLA MOLHO SACHE 1,02 KG|7896036097892||CX|00|21032090||||17,00|1704100|
|0220|CX|12,000000|
|0220|UN|1,000000|
|0200|8220|CLIGHT UVA 8G|7622210696670||CX|00|21069010||||17,00|0301200|
|0220|CX|150,000000|
|0220|DI|15,000000|
|0220|UN|1,000000|
|0200|8222|CLIGHT TANGERINA 8G|7622210696489||CX|00|21069010||||17,00|0301200|
|0220|CX|150,000000|
|0220|DI|15,000000|
|0220|UN|1,000000|
|0200|8223|CLIGHT MORANGO 8G|7622210696441||CX|00|21069010||||17,00|0301200|
|0220|CX|150,000000|
|0220|DI|15,000000|
|0220|UN|1,000000|
|0200|8224|CLIGHT MARACUJA 8G|7622210696595||CX|00|21069010||||17,00|0301200|
|0220|CX|150,000000|
|0220|DI|15,000000|
|0220|UN|1,000000|
|0200|8225|CLIGHT LIMONADA 8G|7622210696328||CX|00|21069010||||17,00|0301200|
|0220|CX|150,000000|
|0220|DI|15,000000|
|0220|UN|1,000000|
|0200|8226|CLIGHT LARANJA 8G|7622210696632||CX|00|21069010||||17,00|0301200|
|0220|CX|150,000000|
|0220|DI|15,000000|
|0220|UN|1,000000|
|0200|8230|CLIGHT ABACAXI 8G|7622210696373||CX|00|21069010||||17,00|0301200|
|0220|CX|150,000000|
|0220|DI|15,000000|
|0220|UN|1,000000|
|0200|8243|NUGGET LIQUIDO PRETO 60ML 33% DESC.|7891035116551||CX|00|34051000||||17,00||
|0220|CX|24,000000|
|0220|DI|6,000000|
|0220|UN|1,000000|
|0200|8251|VANISH S.BARRA 150G ROSA+WHITE C/40% DESC|7891035051210||CX|00|34025000||||17,00|1100700|
|0220|CX|24,000000|
|0220|DI|6,000000|
|0220|UN|1,000000|
|0200|8260|EXTRATO ELEFANTE TETRA 540G|7896036098288||CX|00|20029000||||17,00|1704000|
|0220|CX|12,000000|
|0220|DI|6,000000|
|0220|UN|1,000000|
|0200|8278|FINISH PO 1KG|7891035024351||CX|00|34025000||||17,00|1100400|
|0220|CX|12,000000|
|0220|DI|3,000000|
|0220|UN|1,000000|
|0200|8287|TANG LARANJA DOCINHA 25G|7622210762894||CX|00|21069010||||17,00|0301200|
|0220|CX|150,000000|
|0220|DI|15,000000|
|0220|UN|1,000000|
|0200|8704|KIT MELITTA CAIXA MADEIRA|||UN|00|48209000||||0,00||
|0220|CX|1,000000|
|0220|UN|1,000000|
|0200|8709|VEJA COZINHA LIMAO REFIL ECON. 400ML|7891035285097||CX|00|34025000||||17,00|1100700|
|0220|CX|12,000000|
|0220|DI|6,000000|
|0220|UN|1,000000|
|0200|8711|SBP MULTI INSET CITRONELA EMB ECON 380ML|7891035618550||CX|00|38089119||||17,00||
|0220|CX|24,000000|
|0220|DI|6,000000|
|0220|UN|1,000000|
|0200|8712|SBP MULTI-INSET EUCALIPTO EMB.ECON. 380ML|7891035618543||CX|00|38089119||||17,00||
|0220|CX|24,000000|
|0220|DI|6,000000|
|0220|UN|1,000000|
|0200|8713|BULE TERMICO AMARE VERMELHO 650ML|7896020690597||CX|00|96170010||||17,00||
|0220|CX|4,000000|
|0220|UN|1,000000|
|0200|8714|BULE TERMICO AMARE BRANCO 650ML|7896020690603||CX|00|96170010||||17,00||
|0220|CX|4,000000|
|0220|UN|1,000000|
|0200|8715|BULE TERMICO AMARE PRETO 650ML|7896020690610||CX|00|96170010||||17,00||
|0220|CX|4,000000|
|0220|UN|1,000000|
|0200|8716|JARRA REFRATARIA CORDIALI 1 L CORES SORT|7896020677420||CX|00|70134290||||17,00|1400300|
|0220|CX|6,000000|
|0220|UN|1,000000|
|0200|8725|VEJA MULTIUSO CAMPESTRE 500ML 10% DESC|7891035285158||CX|00|34025000||||17,00|1100700|
|0220|CX|24,000000|
|0220|DI|6,000000|
|0220|UN|1,000000|
|0200|8739|VEJA MULTIUSO FLORAL 500ML 10% DESC|7891035285165||CX|00|34025000||||17,00|1100700|
|0220|CX|24,000000|
|0220|DI|6,000000|
|0220|UN|1,000000|
|0200|8740|VEJA MULTIUSO LAVANDA E ALCOOL 10%DESC|7891035285172||CX|00|34025000||||17,00|1100700|
|0220|CX|24,000000|
|0220|DI|6,000000|
|0220|UN|1,000000|
|0200|8741|VEJA LIMPEZA PESADA ORIGINAL 500ML 20% DESC.|7891035285189||CX|00|34025000||||17,00|1100700|
|0220|CX|24,000000|
|0220|DI|6,000000|
|0220|UN|1,000000|
|0200|8742|VEJA LIMPEZA PESADA CLO. AT. 500ML 20% DESC|7891035285196||CX|00|34025000||||17,00|1100700|
|0220|CX|24,000000|
|0220|DI|6,000000|
|0220|UN|1,000000|
|0200|8743|VEJA LIMPEZA PESADA ORIGINAL 1L 20% DESC.|7891035285202||CX|00|34025000||||17,00|1100700|
|0220|CX|12,000000|
|0220|DI|3,000000|
|0220|UN|1,000000|
|0200|8744|VEJA LIMP PESADA CL AT 2 EM 1 1L 20% DESC|7891035285219||CX|00|34025000||||17,00|1100700|
|0220|CX|12,000000|
|0220|DI|3,000000|
|0220|UN|1,000000|
|0200|8755|VANISH OXI ACTION ROSA PO REFIL 400G|7891035051272||CX|00|34025000||||17,00|1100700|
|0220|CX|24,000000|
|0220|DI|6,000000|
|0220|UN|1,000000|
|0200|8756|VANISH OXI ACTION CRYSTAL WHITE PO REFIL 400G|7891035051265||CX|00|34025000||||17,00|1100700|
|0220|CX|24,000000|
|0220|DI|6,000000|
|0220|UN|1,000000|
|0200|8788|CERVEJA CACULA DORO HELLES 600ML|7898956632016||UN|00|22030000||||0,00|2104700|
|0220|CX|1,000000|
|0220|UN|1,000000|
|0200|8789|CERVEJA CACULA PIER RED ALE 600ML|||UN|00|22030000||||0,00|2104700|
|0220|CX|1,000000|
|0220|UN|1,000000|
|0200|8823|CHURRASQUITO INOX PR-199G PROGAS|||UN|00|84198190||||0,00||
|0220|CX|1,000000|
|0220|UN|1,000000|
|0200|8852|TRIDENT SIN BASE HORTELA|7895800304211||CX|00|21069050||||17,00||
|0220|CX|672,000000|
|0220|DI|21,000000|
|0220|UN|1,000000|
|0200|8861|TRIDENT BAG BASE MELANCIA TWIST|7895800480540||CX|00|21069050||||17,00||
|0220|CX|40,000000|
|0220|DI|5,000000|
|0220|UN|1,000000|
|0200|8894|CLUB SOCIAL CROSTINI ORIGINAL 80G|7622210782298||CX|00|19059020||||12,00|1705602|
|0220|CX|30,000000|
|0220|DI|6,000000|
|0220|UN|1,000000|
|0200|9033|SBP MULTI INSET AUTOM REF 250ML 20% DESC|7891035024184||CX|00|38089119||||17,00||
|0220|CX|6,000000|
|0220|DI|3,000000|
|0220|UN|1,000000|
|0200|9034|SBP MULTI INSET AUT CITRON REF 250ML 20% DESC|7891035024177||CX|00|38089119||||17,00||
|0220|CX|6,000000|
|0220|DI|3,000000|
|0220|UN|1,000000|
|0200|9037|REPELEX REPELENTE LIQ. SPRAY 100ML 20% DESC.|7891035024221||CX|00|38089199||||17,00||
|0220|CX|12,000000|
|0220|DI|3,000000|
|0220|UN|1,000000|
|0200|9056|CAIXA TERMICA 34L MOR CORES SORT|||CX|00|39231090||||17,50||
|0220|CX|1,000000|
|0220|UN|1,000000|
|0200|9057|CADEIRA ALTA MOR (MDLZ)|||UN|00|94017900||||17,50||
|0220|CX|1,000000|
|0220|UN|1,000000|
|0200|9073|HARPIC FRESH POWER6 MARINE 39G|7891035560835||CX|00|34025000||||17,00|1100700|
|0220|CX|6,000000|
|0220|DI|3,000000|
|0220|UN|1,000000|
|0200|9074|HARPIC FRESH POWER6 PINHO CAMPESTRE 39G|7891035560842||CX|00|34025000||||17,00|1100700|
|0220|CX|6,000000|
|0220|DI|3,000000|
|0220|UN|1,000000|
|0200|9075|HARPIC FRESH POWER6 LAVANDA 39G|7891035560859||CX|00|34025000||||17,00|1100700|
|0220|CX|6,000000|
|0220|DI|3,000000|
|0220|UN|1,000000|
|0200|9080|LIMPA BOX SANILUX 300ML|7896001058200||CX|00|34025000||||17,00|1100700|
|0220|CX|12,000000|
|0220|DI|3,000000|
|0220|UN|1,000000|
|0200|9099|VEJA X-14 LBANH EMB.ECON.POUCH 400ML|7891035285103||CX|00|34025000||||17,00|1100700|
|0220|CX|12,000000|
|0220|DI|6,000000|
|0220|UN|1,000000|
|0200|9101|TANG GOIABA 25G|7622210762962||CX|00|21069010||||17,00|0301200|
|0220|CX|150,000000|
|0220|DI|15,000000|
|0220|UN|1,000000|
|0200|9122|CARRINHO DE COMPRAS LEVA TUDO BAG MELITTA|7896020624974||CX|00|87168000||||17,50||
|0220|CX|1,000000|
|0220|UN|1,000000|
|0200|9174|TOA UME HUGGIES 48toa ONE E DONE 3EM1|7896018703636||CX|00|34011190||||0,00|2003401|
|0220|CX|24,000000|
|0220|UN|1,000000|
|0200|9176|VINAGRE VINHO BRANCO(CAVA)BORGES 250ML|8410179307145||CX|00|22090000||||17,00||
|0220|CX|12,000000|
|0220|DI|3,000000|
|0220|UN|1,000000|
|0200|9213|GFA TERM PRESSAO FARROUPILHA BEGE 1,9L|7896020694717||CX|00|96170010||||17,00||
|0220|CX|4,000000|
|0220|UN|1,000000|
|0200|9214|CHURRASQUEIRA CALIFORNIA BACIA ESMALTADA|7896020630111||CX|00|73211900||||17,00||
|0220|CX|6,000000|
|0220|UN|1,000000|
|0200|9218|LUVA ESFREBOM M.USO PEQ LATEX AMARELA|7896001000568||CX|00|40151900||||17,00||
|0220|CX|12,000000|
|0220|UN|1,000000|
|0200|9219|LUVA ESFREBOM M.USO MED.LATEX AMARELA|7896001000551||CX|00|40151900||||17,00|1301000|
|0220|CX|12,000000|
|0220|UN|1,000000|
|0200|9220|LUVA ESFREBOM M.USO GDE.LATEX AMARELA|7896001000544||CX|00|40151900||||17,00||
|0220|CX|12,000000|
|0220|UN|1,000000|
|0200|9236|ESPETO MELITTA KIT C/4|||UN|00|73239900||||0,00||
|0220|CX|1,000000|
|0220|UN|1,000000|
|0200|9242|SACO LIXO ESFREBOM 150 LT ALMOFADA|7896001003149||CX|00|39232190||||17,00|1101200|
|0220|CX|12,000000|
|0220|DI|6,000000|
|0220|UN|1,000000|
|0200|9244|PRENDEDOR PLAST ESFREBOM SIMPLES|7896001035010||CX|00|39249000||||17,00|1101200|
|0220|CX|24,000000|
|0220|DI|6,000000|
|0220|UN|1,000000|
|0200|9259|ABS INTERNO C/8 INTIMUS SPORT C/APLI MEDIO|7896007549542||CX|00|96190000||||0,00|2004900|
|0220|CX|12,000000|
|0220|DI|6,000000|
|0220|UN|1,000000|
|0200|9273|FORNO ELETR ATLAS BCO 44L 127V (MELITTA)|||CX|00|85166000||||0,00||
|0220|CX|1,000000|
|0220|UN|1,000000|
|0200|9281|ESP SLOW BETTA P/BANHO UNITARIA|7896001004672||CX|00|68053090||||17,00|1100900|
|0220|CX|144,000000|
|0220|DI|12,000000|
|0220|UN|1,000000|
|0200|9299|TRIDENT SIN BASE MELANCIA 18s|7622210862679||CX|00|21069050||||17,00||
|0220|CX|144,000000|
|0220|DI|12,000000|
|0220|UN|1,000000|
|0200|9300|TRIDENT SIN BASE BLUEBERRY 18s|7622210839602||CX|00|21069050||||17,00||
|0220|CX|144,000000|
|0220|DI|12,000000|
|0220|UN|1,000000|
|0200|9301|TRIDENT SIN BASE SPEARMINT18s|7622210839640||CX|00|21069050||||17,00||
|0220|CX|144,000000|
|0220|DI|12,000000|
|0220|UN|1,000000|
|0200|9302|SONHO VALSA (NOVO) KG|78939301||CX|00|19053200||||12,00|1705800|
|0220|CX|500,000000|
|0220|DI|50,000000|
|0220|UN|1,000000|
|0200|9303|OURO BRANCO (NOVO) KG|78939318||CX|00|19053200||||12,00|1705800|
|0220|CX|500,000000|
|0220|DI|50,000000|
|0220|UN|1,000000|
|0200|9310|TOA UME HUGGIES 48toa SUPREME CARE VERME|7896018700604||CX|00|34011190||||0,00|2003401|
|0220|CX|24,000000|
|0220|UN|1,000000|
|0200|9312|EXTRATO ELEFANTE SACHE 1,02 KG|7896036097830||CX|00|20029000||||17,00|1704000|
|0220|CX|12,000000|
|0220|UN|1,000000|
|0200|9333|BRASSO LIMPADOR DE METAIS 200ML|7891035060007||CX|00|34059000||||17,00||
|0220|CX|12,000000|
|0220|DI|3,000000|
|0220|UN|1,000000|
|0200|9334|SILVO LIMPADOR PRATA E ACO INOX 200ML|7891035070006||CX|00|34059000||||17,00||
|0220|CX|12,000000|
|0220|DI|3,000000|
|0220|UN|1,000000|
|0200|9337|ROLO ADESIVO PLAST REFIL NOVICA|7896001002029||CX|00|39249000||||17,00||
|0220|CX|12,000000|
|0220|DI|3,000000|
|0220|UN|1,000000|
|0200|9371|CORDA VARAL PLAST ESFREBOM *10M*|7896001032101||CX|00|56074900||||17,00||
|0220|CX|72,000000|
|0220|DI|12,000000|
|0220|UN|1,000000|
|0200|9372|CORDA VARAL PLAST ESFREBOM *15M*|7896001032156||CX|00|56074900||||17,00||
|0220|CX|72,000000|
|0220|DI|12,000000|
|0220|UN|1,000000|
|0200|9373|ESCOVA SANIT VASSOURITA BRILHUS|7896001001510||CX|00|96039000||||17,00|2802800|
|0220|CX|36,000000|
|0220|DI|12,000000|
|0220|UN|1,000000|
|0200|9377|EASY OFF LIMPADOR FORNOS TRAD. 250ML/ 275G|7702626153803||CX|00|34025000||||17,00|1100700|
|0220|CX|36,000000|
|0220|DI|3,000000|
|0220|UN|1,000000|
|0200|9378|FRALDA HUGGIES S.CARE PRIM 100 DIAS RN 18F|7896007549627||CX|00|96190000||||0,00|2004800|
|0220|CX|9,000000|
|0220|UN|1,000000|
|0200|9386|POMAROLA MOLHO SACHE 1,02 KG|7896036097878||CX|00|21032090||||17,00|1704100|
|0220|CX|12,000000|
|0220|UN|1,000000|
|0200|9388|SBP MULTI-INSET SPRAY 380ML EMB.ECON.|7891035618567||CX|00|38089119||||17,00||
|0220|CX|24,000000|
|0220|DI|6,000000|
|0220|UN|1,000000|
|0200|9389|MORTEIN MULTI INSETICIDA EUCALIPTO 400ML|7891035396267||CX|00|38089119||||17,00||
|0220|CX|12,000000|
|0220|DI|6,000000|
|0220|UN|1,000000|
|0200|9392|PANO UMIDO COZINHA ESFREBOM PACK|7896001046603||CX|00|34011900||||17,00||
|0220|CX|24,000000|
|0220|DI|3,000000|
|0220|UN|1,000000|
|0200|9398|ESP. ESFREBOM MULTIUSO LV12 PG10|7896001000810||CX|00|68053090||||17,00|1100900|
|0220|CX|528,000000|
|0220|DI|12,000000|
|0220|UN|1,000000|
|0200|9399|SBP REPELENTE LIQ 45 NOITES 3 REF 35ML OF ESP|7891035024252||CX|00|38089119||||17,00||
|0220|CX|12,000000|
|0220|DI|3,000000|
|0220|UN|1,000000|
|0200|9431|LACTA AMARO 40% CACAU 90G|7622210961716||CX|00|18063210||||17,00|1700300|
|0220|CX|68,000000|
|0220|DI|17,000000|
|0220|UN|1,000000|
|0200|9434|LAKA OREO 90G|7622210936707||CX|00|18063220||||17,00|1700300|
|0220|CX|68,000000|
|0220|DI|17,000000|
|0220|UN|1,000000|
|0200|9436|BIS BLACK 100,8 G|7622210833389||CX|00|19053200||||12,00|1705800|
|0220|CX|60,000000|
|0220|DI|5,000000|
|0220|UN|1,000000|
|0200|9437|LACTA DIAMANTE LAKA 90G|7622210961679||CX|00|18063210||||17,00|1700300|
|0220|CX|68,000000|
|0220|DI|17,000000|
|0220|UN|1,000000|
|0200|9465|GFA TERM FRESH PRETA 750ML|7896020692614||CX|00|96170010||||17,00||
|0220|CX|4,000000|
|0220|UN|1,000000|
|0200|9466|GFA TERM FRESH VERMELHA 750ML|7896020692508||CX|00|96170010||||17,00||
|0220|CX|4,000000|
|0220|UN|1,000000|
|0200|9467|GFA TERM FRESH AZUL 750ML|7896020693420||CX|00|96170010||||17,00||
|0220|CX|4,000000|
|0220|UN|1,000000|
|0200|9468|GFA TERM PRESSAO AMPOLA REFIL 1,9L|7896020691341||CX|00|70200010||||17,00||
|0220|CX|6,000000|
|0220|UN|1,000000|
|0200|9470|FRALDA HUGGIES S.CARE*ROUPINHA*JBO M 22F|7896007549641||CX|00|96190000||||0,00|2004800|
|0220|CX|9,000000|
|0220|UN|1,000000|
|0200|9472|CERVEJA CANARINHO SESSION IPA 355ML|||UN|00|22030000||||0,00||
|0220|CX|1,000000|
|0220|UN|1,000000|
|0200|9481|OLEO OLIVIA COMP. TRADICIONAL PET 500ML|7896036098325||CX|00|15179010||||17,00|1707400|
|0220|CX|20,000000|
|0220|DI|3,000000|
|0220|UN|1,000000|
|0200|9483|GFA TERM FRESH VERDE 750ML|7896020692638||CX|00|96170010||||17,00||
|0220|CX|4,000000|
|0220|UN|1,000000|
|0200|9491|VEJA DESENGORD COZINHA LARANJA REF 400ML|7891035285288||CX|00|34025000||||17,00|1100700|
|0220|CX|12,000000|
|0220|DI|6,000000|
|0220|UN|1,000000|
|0200|9492|ANIL IMPERIAL RECKITT SAQUINHOS 44G|7891035012204||CX|00|32064100||||17,00|2400200|
|0220|CX|100,000000|
|0220|DI|5,000000|
|0220|UN|1,000000|
|0200|9493|BOM AR AER LAVANDA 360ML EMB. ECON.|7891035325595||CX|00|33074900||||25,00|2003200|
|0220|CX|12,000000|
|0220|DI|3,000000|
|0220|UN|1,000000|
|0200|9494|BOM AR AER CHEIRO DE TALCO 360ML|7891035325625||CX|00|33074900||||25,00||
|0220|CX|12,000000|
|0220|DI|3,000000|
|0220|UN|1,000000|
|0200|9495|BOM AR AER JARDIM PEONIA/FLOR JASMIM 360ML|7891035325618||CX|00|33074900||||25,00||
|0220|CX|12,000000|
|0220|DI|3,000000|
|0220|UN|1,000000|
|0200|9500|OLEO LIZA CANOLA PET 900ML|7896036090626||CX|00|15141910||||17,00|1707000|
|0220|CX|20,000000|
|0220|DI|5,000000|
|0220|UN|1,000000|
|0200|9502|OLEO LIZA GIRASSOL PET 900ML|7896036090602||CX|00|15121911||||17,00|1706900|
|0220|CX|20,000000|
|0220|DI|5,000000|
|0220|UN|1,000000|
|0200|9503|OLEO LIZA MILHO PET 900ML|7896036090619||CX|00|15152910||||17,00|1707200|
|0220|CX|20,000000|
|0220|DI|5,000000|
|0220|UN|1,000000|
|0200|9508|OLEO MAZOLA MILHO 900ML|7896036090954||CX|00|15152910||||17,00|1707200|
|0220|CX|20,000000|
|0220|DI|5,000000|
|0220|UN|1,000000|
|0200|9539|OLEO MARIA COMP. LATA 200ML TRADICIONAL|7896036093085||CX|00|15179010||||17,00|1707400|
|0220|CX|36,000000|
|0220|DI|3,000000|
|0220|UN|1,000000|
|0200|9540|OLEO MARIA COMP. LATA 500ML TRADICIONAL|7896036092934||CX|00|15179010||||17,00|1707400|
|0220|CX|20,000000|
|0220|DI|3,000000|
|0220|UN|1,000000|
|0200|9551|MOLHO SALADA LIZA CASEIRO 234ML|7896036090879||CX|00|21039091||||17,00|1703500|
|0220|CX|12,000000|
|0220|DI|3,000000|
|0220|UN|1,000000|
|0200|9554|MOLHO SALADA LIZA LIMAO 234ML|7896036093467||CX|00|21039091||||17,00|1703500|
|0220|CX|12,000000|
|0220|DI|3,000000|
|0220|UN|1,000000|
|0200|9556|MOLHO SALADA LIZA QUEIJOS 234ML|7896036090893||CX|00|21039091||||17,00|1703500|
|0220|CX|12,000000|
|0220|DI|3,000000|
|0220|UN|1,000000|
|0200|9557|MOLHO SALADA LIZA ROSE 234ML|7896036090909||CX|00|21039091||||17,00|1703500|
|0220|CX|12,000000|
|0220|DI|3,000000|
|0220|UN|1,000000|
|0200|9558|MAIONESE LIZA TRADIC POTE 250G|7896036091340||CX|00|21039011||||17,00|1703900|
|0220|CX|24,000000|
|0220|DI|6,000000|
|0220|UN|1,000000|
|0200|9559|MAIONESE LIZA TRADIC POTE 500G|7896036091326||CX|00|21039011||||17,00|1703900|
|0220|CX|12,000000|
|0220|DI|6,000000|
|0220|UN|1,000000|
|0200|9562|MAIONESE LIZA CASEIRA POTE 489G/482ML|7896036094211||CX|00|21039011||||17,00|1703900|
|0220|CX|12,000000|
|0220|DI|6,000000|
|0220|UN|1,000000|
|0200|9563|MAIONESE LIZA CASEIRA SACHE 430G/439ML|7896036094877||CX|00|21039011||||17,00|1703900|
|0220|CX|12,000000|
|0220|DI|6,000000|
|0220|UN|1,000000|
|0200|9570|MAIONESE LIZA TRADIC SACHE 196G|7896036094815||CX|00|21039011||||17,00|1703900|
|0220|CX|24,000000|
|0220|DI|6,000000|
|0220|UN|1,000000|
|0200|9571|MAIONESE LIZA TRADIC SACHE 472G/445ML|7896036094808||CX|00|21039011||||17,00|1703900|
|0220|CX|12,000000|
|0220|DI|6,000000|
|0220|UN|1,000000|
|0200|9576|MAIONESE MARIA TRADIC SACHE 196G|7896036094853||CX|00|21039011||||17,00|1703900|
|0220|CX|24,000000|
|0220|DI|6,000000|
|0220|UN|1,000000|
|0200|9584|EXTRATO ELEFANTE LATA 130G|7896036095041||CX|00|20029000||||17,00|1704000|
|0220|CX|48,000000|
|0220|DI|12,000000|
|0220|UN|1,000000|
|0200|9587|EXTRATOMATO / TARANTELLA TETRA 140G|7896036094907||CX|00|20029000||||17,00|1704000|
|0220|CX|48,000000|
|0220|DI|12,000000|
|0220|UN|1,000000|
|0200|9591|POMAROLA RECEITAS BOLONHESA SACHE 300G|7896036095126||CX|00|21032010||||17,00|1704100|
|0220|CX|24,000000|
|0220|DI|6,000000|
|0220|UN|1,000000|
|0200|9598|POMAROLA RECEITAS PARMEGIANA SACHE 300G|7896036095072||CX|00|21032010||||17,00|1704100|
|0220|CX|24,000000|
|0220|DI|6,000000|
|0220|UN|1,000000|
|0200|9599|POMAROLA RECEITAS PIZZA SACHE 300G|7896036095065||CX|00|21032010||||17,00|1704100|
|0220|CX|24,000000|
|0220|DI|6,000000|
|0220|UN|1,000000|
|0200|9600|POMAROLA TRADICIONAL LATA 340G|7896036094969||CX|00|21032010||||17,00|1704100|
|0220|CX|24,000000|
|0220|DI|12,000000|
|0220|UN|1,000000|
|0200|9601|POMAROLA TRADICIONAL TETRA 520G|7896036095102||CX|00|21032010||||17,00|1704100|
|0220|CX|12,000000|
|0220|DI|6,000000|
|0220|UN|1,000000|
|0200|9602|POMAROLA TRADICIONAL TETRA 260G|7896036095096||CX|00|21032010||||17,00|1704100|
|0220|CX|27,000000|
|0220|DI|12,000000|
|0220|UN|1,000000|
|0200|9603|POMODORO TETRA 520G|7896036095119||CX|00|20021000||||17,00|1704000|
|0220|CX|12,000000|
|0220|DI|6,000000|
|0220|UN|1,000000|
|0200|9605|TARANTELLA TRADICIONAL TETRA 520G|7896036095089||CX|00|21032010||||17,00|1704100|
|0220|CX|12,000000|
|0220|DI|6,000000|
|0220|UN|1,000000|
|0200|9619|COOKIE DIAMANTE NEGRO 80G|7622210578105||CX|00|19053100||||12,00|1705300|
|0220|CX|30,000000|
|0220|DI|6,000000|
|0220|UN|1,000000|
|0200|9622|CAPSULA MELITTA COMPATIVEL TENUTO INT. 5|7896035700038||CX|00|09012100|001|||17,00|1709604|
|0220|CX|10,000000|
|0220|UN|1,000000|
|0200|9624|CAPSULA MELITTA COMPATIVEL ALDACCE INT.6|7896035700052||CX|00|09012100|001|||17,00|1709604|
|0220|CX|10,000000|
|0220|UN|1,000000|
|0200|9625|CAPSULA MELITTA COMPATIVEL STACCATO INT.6|7896035700045||CX|00|09012100|001|||17,00|1709604|
|0220|CX|10,000000|
|0220|UN|1,000000|
|0200|9626|CAPSULA MELITTA COMPATIVEL MARCATO INT.9|7896035700021||CX|00|09012100|001|||17,00|1709604|
|0220|CX|10,000000|
|0220|UN|1,000000|
|0200|9627|CAPSULA MELITTA COMPATIVEL RISTRETTO INT.10|7896035700014||CX|00|09012100|001|||17,00|1709604|
|0220|CX|10,000000|
|0220|UN|1,000000|
|0200|9629|LOGO MELITTA CX TERMICA 34L MOR CORES SORT|||CX|00|39231090||||17,50||
|0220|CX|1,000000|
|0220|UN|1,000000|
|0200|9630|LOGO MELITTA CADEIRA ALTA ALUMINIO|||CX|00|94017900||||17,50||
|0220|CX|1,000000|
|0220|UN|1,000000|
|0200|9631|LOGO MELITTA GUARDA SOL 2,00M|||CX|00|66011000||||17,50||
|0220|CX|1,000000|
|0220|UN|1,000000|
|0200|9632|MINI OREO 35G|7622210933454||CX|00|19053100||||12,00|1705300|
|0220|CX|40,000000|
|0220|DI|10,000000|
|0220|UN|1,000000|
|0200|9634|PLENITUD FEMME PROTETOR MED C/14|7896007549382||CX|00|96190000||||0,00|2005000|
|0220|CX|12,000000|
|0220|DI|6,000000|
|0220|UN|1,000000|
|0200|9635|PLENITUD FEMME ABSORVENTE C/8 ULTRA|7794626003011||CX|00|96190000||||0,00|2005000|
|0220|CX|20,000000|
|0220|DI|5,000000|
|0220|UN|1,000000|
|0200|9646|HALLS SIN EXTRA FORTE (NOVO) 28G|78938816||CX|00|17049020||||17,00||
|0220|CX|630,000000|
|0220|DI|21,000000|
|0220|UN|1,000000|
|0200|9647|HALLS SIN MORANGO (NOVO) 28G|78938847||CX|00|17049020||||17,00||
|0220|CX|630,000000|
|0220|DI|21,000000|
|0220|UN|1,000000|
|0200|9648|HALLS SIN MENTA (NOVO) 28G|78938830||CX|00|17049020||||17,00||
|0220|CX|630,000000|
|0220|DI|21,000000|
|0220|UN|1,000000|
|0200|9650|HALLS SIN MELANCIA (NOVO) 28G|78938854||CX|00|17049020||||17,00||
|0220|CX|630,000000|
|0220|DI|21,000000|
|0220|UN|1,000000|
|0200|9653|HALLS SIN UVA VERDE (NOVO) 28G|78938861||CX|00|17049020||||17,00||
|0220|CX|630,000000|
|0220|DI|21,000000|
|0220|UN|1,000000|
|0200|9658|HALLS BAG CEREJA (NOVO) 84G|7622210956002||CX|00|17049020||||17,00||
|0220|CX|40,000000|
|0220|DI|5,000000|
|0220|UN|1,000000|
|0200|9660|HALLS BAG MORANGO (NOVO) 84G|7622210956118||CX|00|17049020||||17,00||
|0220|CX|40,000000|
|0220|DI|5,000000|
|0220|UN|1,000000|
|0200|9664|HALLS BAG EXTRA FORTE (NOVO) 84G|7622210956200||CX|00|17049020||||17,00||
|0220|CX|40,000000|
|0220|DI|5,000000|
|0220|UN|1,000000|
|0200|9666|COOKIE LACTA AO LEITE 80G (NOVO)|7622210754813||CX|00|19053100||||12,00|1705300|
|0220|CX|30,000000|
|0220|DI|6,000000|
|0220|UN|1,000000|
|0200|9667|COOKIE LAKA 80G (NOVO)|7622210754714||CX|00|19053100||||12,00|1705300|
|0220|CX|30,000000|
|0220|DI|6,000000|
|0220|UN|1,000000|
|0200|9673|RODO PARA PIA ESFREBOM|7896001006225||CX|00|96039000||||17,00|2802800|
|0220|CX|12,000000|
|0220|DI|3,000000|
|0220|UN|1,000000|
|0200|9677|COOKIE SHOT 80G (NOVO)|7622210754882||CX|00|19053100||||12,00|1705300|
|0220|CX|30,000000|
|0220|DI|6,000000|
|0220|UN|1,000000|
|0200|9679|JARRA REFRATARIA CORDIALI 600ML CORES SORT|7896020677451||CX|00|70134290||||17,00|1400300|
|0220|CX|6,000000|
|0220|UN|1,000000|
|0200|9752|BOM AR FRESH SPRAY FLOR DE ALG AP + REF 250ML|7891035918285||CX|00|33074900||||25,00||
|0220|CX|4,000000|
|0220|UN|1,000000|
|0200|9753|BOM AR FRESHMATIC FLOR DE ALGODAO REFIL 250ML|7891035918315||CX|00|33074900||||25,00|2003200|
|0220|CX|6,000000|
|0220|UN|1,000000|
|0200|9754|BOM AR FRESH JARDIM DE PEONIA REF 250ML|7891035918308||CX|00|33074900||||25,00||
|0220|CX|6,000000|
|0220|UN|1,000000|
|0200|9756|FINISH ADVANCED PO 450G|7891035024399||CX|00|34025000||||17,00|1100400|
|0220|CX|12,000000|
|0220|DI|3,000000|
|0220|UN|1,000000|
|0200|9757|VEJA MULTIUSO P. FUSION LIMAO 500ML|7891035990571||CX|00|34025000||||17,00|1100700|
|0220|CX|24,000000|
|0220|DI|3,000000|
|0220|UN|1,000000|
|0200|9758|VEJA MULTIUSO POWER FUSION LARANJA 500ML|7891035990557||CX|00|34025000||||17,00|1100700|
|0220|CX|24,000000|
|0220|DI|3,000000|
|0220|UN|1,000000|
|0200|9759|VEJA AROMA SENSE ALEGRIA 500ML|7891035990526||CX|00|34025000||||17,00|1100700|
|0220|CX|24,000000|
|0220|DI|3,000000|
|0220|UN|1,000000|
|0200|9760|VEJA AROMA SENSE ENERGIA 500ML|7891035990533||CX|00|34025000||||17,00|1100700|
|0220|CX|24,000000|
|0220|DI|3,000000|
|0220|UN|1,000000|
|0200|9762|VEJA AROMA SENSE ROMANCE 500ML|7891035990564||CX|00|34025000||||17,00|1100700|
|0220|CX|24,000000|
|0220|DI|3,000000|
|0220|UN|1,000000|
|0200|9763|VEJA AROMA SENSE ALEGRIA 1L|7891035990663||CX|00|34025000||||17,00|1100700|
|0220|CX|12,000000|
|0220|DI|3,000000|
|0220|UN|1,000000|
|0200|9764|VEJA AROMA SENSE ENERGIA 1L|7891035990656||CX|00|34025000||||17,00|1100700|
|0220|CX|12,000000|
|0220|DI|3,000000|
|0220|UN|1,000000|
|0200|9766|VEJA AROMA SENSE ROMANCE1L|7891035990632||CX|00|34025000||||17,00|1100700|
|0220|CX|12,000000|
|0220|DI|3,000000|
|0220|UN|1,000000|
|0200|9767|VEJA AROMA SENSE ALEGRIA 2L|7891035990625||CX|00|34025000||||17,00|1100700|
|0220|CX|6,000000|
|0220|DI|3,000000|
|0220|UN|1,000000|
|0200|9768|VEJA AROMA SENSE ENERGIA 2L|7891035990618||CX|00|34025000||||17,00|1100700|
|0220|CX|6,000000|
|0220|DI|3,000000|
|0220|UN|1,000000|
|0200|9792|GFA TERM PRESSAO PRETA 1,9L|7896020694601||CX|00|96170010||||17,00||
|0220|CX|4,000000|
|0220|UN|1,000000|
|0200|9800|ABS INTERNO C/8 INTIMUS MEDIO|7896007541867||CX|00|96190000||||0,00|2004900|
|0220|CX|24,000000|
|0220|DI|6,000000|
|0220|UN|1,000000|
|0200|9801|ABS INTERNO LV16PG15 INTIMUS MEDIO|7896007542864||CX|00|96190000||||0,00|2004900|
|0220|CX|24,000000|
|0220|DI|6,000000|
|0220|UN|1,000000|
|0200|9802|ABS INTERNO C/8 INTIMUS MINI|7896007541850||CX|00|96190000||||0,00|2004900|
|0220|CX|24,000000|
|0220|DI|6,000000|
|0220|UN|1,000000|
|0200|9803|ABS INTERNO LV16PG15 INTIMUS MINI|7896007542857||CX|00|96190000||||0,00|2004900|
|0220|CX|24,000000|
|0220|DI|6,000000|
|0220|UN|1,000000|
|0200|9804|ABS INTERNO C/8 INTIMUS SUPER|7896007541874||CX|00|96190000||||0,00|2004900|
|0220|CX|24,000000|
|0220|DI|6,000000|
|0220|UN|1,000000|
|0200|9811|ABS INTIMUS C/8 NOTURNO SECA C/ABAS|7896007542437||CX|00|96190000||||0,00|2005000|
|0220|CX|60,000000|
|0220|DI|6,000000|
|0220|UN|1,000000|
|0200|9813|ABS INTIMUS C/8 NOTURNO SUAVE C/ABAS|7896007540662||CX|00|96190000||||0,00|2005000|
|0220|CX|60,000000|
|0220|DI|6,000000|
|0220|UN|1,000000|
|0200|9815|ABS INTIMUS C/16 TRIPLA PROT SUAVE C/ABAS|7896007545094||CX|00|96190000||||0,00|2005000|
|0220|CX|30,000000|
|0220|DI|6,000000|
|0220|UN|1,000000|
|0200|9818|ABS INTIMUS C/16 TRIPLA PROT SECA C/ABAS|7896007545100||CX|00|96190000||||0,00|2005000|
|0220|CX|30,000000|
|0220|DI|6,000000|
|0220|UN|1,000000|
|0200|9819|ABS INTIMUS C/8 TRIPLA PROT SECA C/ABAS|7896007540631||CX|00|96190000||||0,00|2005000|
|0220|CX|60,000000|
|0220|DI|6,000000|
|0220|UN|1,000000|
|0200|9820|ABS INTIMUS C/8 TRIPLA PROT SECA S/ABAS|7896007540624||CX|00|96190000||||0,00|2005000|
|0220|CX|60,000000|
|0220|DI|6,000000|
|0220|UN|1,000000|
|0200|9821|ABS INTIMUS C/8 TRIPLA PROT SUAVE C/ABAS|7896007540617||CX|00|96190000||||0,00|2005000|
|0220|CX|60,000000|
|0220|DI|6,000000|
|0220|UN|1,000000|
|0200|9823|ABS INTIMUS C/8 TRIPLA PROT SUAVE S/ABAS|7896007540600||CX|00|96190000||||0,00|2005000|
|0220|CX|60,000000|
|0220|DI|6,000000|
|0220|UN|1,000000|
|0200|9826|BA CONDICIONADOR CHA CAMOMILA 200ML|7896018700765||CX|00|33059000||||0,00|2002100|
|0220|CX|12,000000|
|0220|DI|3,000000|
|0220|UN|1,000000|
|0200|9827|BA CONDICIONADOR EXTRA SUAVE 200ML|7896018700314||CX|00|33059000||||0,00|2002100|
|0220|CX|12,000000|
|0220|DI|3,000000|
|0220|UN|1,000000|
|0200|9835|SABONETE BARRA CHA CAMOMILA 75G|7896018700789||CX|00|34011190|001|||0,00|2003400|
|0220|CX|72,000000|
|0220|DI|12,000000|
|0220|UN|1,000000|
|0200|9836|SABONETE BARRA EXTRA SUAVE 75GR|7896018700369||CX|00|34011190|001|||0,00|2003400|
|0220|CX|72,000000|
|0220|DI|12,000000|
|0220|UN|1,000000|
|0200|9838|SABONETE LIQUIDO CHA CAMOMILA 200ML|7896018700741||CX|00|34013000||||0,00|2003700|
|0220|CX|12,000000|
|0220|DI|3,000000|
|0220|UN|1,000000|
|0200|9839|SABONETE LIQUIDO EXTRA SUAVE 200ML|7896018700338||CX|00|34013000||||0,00|2003700|
|0220|CX|12,000000|
|0220|DI|3,000000|
|0220|UN|1,000000|
|0200|9844|BA SHAMPOO HTDM CHA CAMOMILA 200ML|7896018700710||CX|00|33051000||||0,00|2001700|
|0220|CX|12,000000|
|0220|DI|3,000000|
|0220|UN|1,000000|
|0200|9846|BA SHAMPOO HTDM EXTRA SUAVE 200ML|7896018700307||CX|00|33051000||||0,00|2001700|
|0220|CX|12,000000|
|0220|DI|3,000000|
|0220|UN|1,000000|
|0200|9911|LENCO PAP KLEENEX BOLSO MISTO|7896018704466||CX|00|48182000||||0,00|2004400|
|0220|CX|48,000000|
|0220|DI|24,000000|
|0220|UN|1,000000|
|0200|9913|LENCO PAP KLEENEX BOX L60P50|7891172172106||CX|00|48182000||||0,00|2004400|
|0220|CX|50,000000|
|0220|DI|10,000000|
|0220|UN|1,000000|
|0200|9914|LENCO PAP KLEENEX BOX MISTO|7891172161162||CX|00|48182000||||0,00|2004400|
|0220|CX|50,000000|
|0220|DI|10,000000|
|0220|UN|1,000000|
|0200|9920|PANOS SCOTT DURAMAX *BRANCO* ROLO 58 FLS|7702425537859||CX|00|48189090||||17,00|2004700|
|0220|CX|24,000000|
|0220|DI|6,000000|
|0220|UN|1,000000|
|0200|9924|PAP HIG NEVE 30M LV16 PG15 COMPACTO|7891172432026||CX|00|48181000||||0,00|2004300|
|0220|CX|4,000000|
|0220|UN|1,000000|
|0200|9926|PAP HIG NEVE 30M NEUTRO 4 ROLOS|7891172421174||CX|00|48181000|001|||0,00|2004300|
|0220|CX|16,000000|
|0220|UN|1,000000|
|0200|9929|PAP HIG NEVE 20M SUPREME TRIPLA 4 ROLOS|7891172422607||CX|00|48181000||||0,00|2004300|
|0220|CX|16,000000|
|0220|UN|1,000000|
|0200|9934|PROT IDAYS L40P30 S/A C/P FRESCOR DIARIO|7896007542499||CX|00|96190000||||0,00|2005000|
|0220|CX|24,000000|
|0220|DI|6,000000|
|0220|UN|1,000000|
|0200|9936|PROT IDAYS C/15 S/A C/P FRESCOR DIARIO|7896007541959||CX|00|96190000||||0,00|2005000|
|0220|CX|60,000000|
|0220|DI|6,000000|
|0220|UN|1,000000|
|0200|9939|PROT IDAYS L40P30 S/A S/P CUIDADO DIARIO|7896007542482||CX|00|96190000||||0,00|2005000|
|0220|CX|24,000000|
|0220|DI|6,000000|
|0220|UN|1,000000|
|0200|9945|PROT IDAYS C/15 S/A S/P CUIDADO DIARIO|7896007540259||CX|00|96190000||||0,00|2005000|
|0220|CX|60,000000|
|0220|DI|6,000000|
|0220|UN|1,000000|
|0200|9948|PROT IDAYS L80P60 S/A C/P FRESCOR DIARIO|7896007546022||CX|00|96190000||||0,00|2005000|
|0220|CX|12,000000|
|0220|UN|1,000000|
|0200|9949|PROT IDAYS L80P60 S/A S/P FRESCOR DIARIO|7896007546039||CX|00|96190000||||0,00|2005000|
|0220|CX|12,000000|
|0220|UN|1,000000|
|0200|9967|TOA UME FEM INTIMUS C/16 CONT ODOR|7896018700543||CX|00|34011190||||0,00|2003401|
|0220|CX|40,000000|
|0220|DI|10,000000|
|0220|UN|1,000000|
|0200|9970|TOA UME HUGGIES 96toa MAX CLEAN VERDE|7896018703070||CX|00|34011190||||0,00|2003401|
|0220|CX|12,000000|
|0220|UN|1,000000|
|0200|10017|PANO MULTIUSO ESFREBOM AZUL LV7PG5|7896001000841||CX|00|56031250||||17,00|2005100|
|0220|CX|25,000000|
|0220|DI|10,000000|
|0220|UN|1,000000|
|0200|10018|LENCO HIG UMED NEVE 48UN TOQUE DA SEDA|7896018704039||CX|00|34011190||||0,00|2003401|
|0220|CX|24,000000|
|0220|DI|6,000000|
|0220|UN|1,000000|
|0200|10026|BALDE SPIN C/MOP BRILHUS 12L|17896001020518||CX|00|96039000||||17,00|2802800|
|0220|CX|1,000000|
|0220|UN|1,000000|
|0200|10056|GFA TERM PRESSAO NOBILE INOX 1L|7896020694724||CX|00|96170010||||17,00||
|0220|CX|4,000000|
|0220|UN|1,000000|
|0200|10057|EXPOSITOR GFA TERMICA GRANDE|||CX|00|94032000||||17,00||
|0220|CX|1,000000|
|0220|UN|1,000000|
|0200|10062|MAQ CAFE ESSENZA NESPRESSO 110V|||UN|00|85167100||||0,00|2104800|
|0220|CX|1,000000|
|0220|UN|1,000000|
|0200|10063|MAQ CAFE ESSENZA NESPRESSO 220V|||UN|00|85167100||||0,00|2104800|
|0220|CX|1,000000|
|0220|UN|1,000000|
|0200|10065|TRAKINAS CHOCOLATE 126G|7622210592750||CX|00|19053100||||12,00|1705300|
|0220|CX|54,000000|
|0220|DI|9,000000|
|0220|UN|1,000000|
|0200|10066|TRAKINAS MORANGO 126G|7622210592781||CX|00|19053100||||12,00|1705300|
|0220|CX|54,000000|
|0220|DI|9,000000|
|0220|UN|1,000000|
|0200|10068|TRAKINAS ++ MORANGO 126G|7622210592699||CX|00|19053100||||12,00|1705300|
|0220|CX|54,000000|
|0220|DI|9,000000|
|0220|UN|1,000000|
|0200|10069|TRAKINAS MEIO CHO MOR 126G|7622210592637||CX|00|19053100||||12,00|1705300|
|0220|CX|54,000000|
|0220|DI|9,000000|
|0220|UN|1,000000|
|0200|10070|TRAKINAS MEIO CHO BRA 126G|7622210592668||CX|00|19053100||||12,00|1705300|
|0220|CX|54,000000|
|0220|DI|9,000000|
|0220|UN|1,000000|
|0200|10090|ESP. ESFREBOM DIAMOND UNITARIA|7896001004481||CX|00|68053090||||17,00|1100900|
|0220|CX|60,000000|
|0220|DI|12,000000|
|0220|UN|1,000000|
|0200|10095|PROT IDAYS C/15 S/A S/P ANTIBACTERIANA|7896007550463||CX|00|96190000||||0,00|2005000|
|0220|CX|60,000000|
|0220|DI|6,000000|
|0220|UN|1,000000|
|0200|10096|PROT IDAYS C/40 S/A S/P ANTIBACTERIANA|7896007550548||CX|00|96190000||||0,00|2005000|
|0220|CX|24,000000|
|0220|DI|6,000000|
|0220|UN|1,000000|
|0200|10097|PROT IDAYS C/80 S/A S/P ANTIBACTERIANA|7896007550456||CX|00|96190000||||0,00|2005000|
|0220|CX|12,000000|
|0220|DI|6,000000|
|0220|UN|1,000000|
|0200|10098|PLENITUD FEMME P/M 8F|7896007550043||CX|00|96190000||||0,00|2004800|
|0220|CX|4,000000|
|0220|UN|1,000000|
|0200|10099|PLENITUD FEMME G/XG 8F|7896007550050||CX|00|96190000||||0,00|2004800|
|0220|CX|4,000000|
|0220|UN|1,000000|
|0200|10133|SBP APAR ELETR + REPEL LIQ 45 NOITES CH SUAVE|7891035990984||CX|00|38089119||||17,00||
|0220|CX|12,000000|
|0220|DI|3,000000|
|0220|UN|1,000000|
|0200|10134|SBP REP LIQ 45N CH SUAVE 35ML 50% DESC 2 REF|7891035990991||CX|00|38089119||||17,00||
|0220|CX|12,000000|
|0220|DI|3,000000|
|0220|UN|1,000000|
|0200|10160|LACTA AO LEITE 165g|7622210709417||CX|00|18063210||||17,00|1700300|
|0220|CX|48,000000|
|0220|DI|12,000000|
|0220|UN|1,000000|
|0200|10165|MAQ CAFE EXPERT NESPRESSO 220V|||UN|00|85167100||||0,00|2104800|
|0220|CX|1,000000|
|0220|UN|1,000000|
|0200|10170|REG BRAS CERRADO 18x250g|7891021005609||CX|00|09012100||||17,00|1709600|
|0220|CX|18,000000|
|0220|DI|6,000000|
|0220|UN|1,000000|
|0200|10171|REG BRAS SULMINAS 18x250g|7891021005586||CX|00|09012100||||17,00|1709600|
|0220|CX|18,000000|
|0220|DI|6,000000|
|0220|UN|1,000000|
|0200|10172|REG BRAS MOGIANA 18x250g|7891021005562||CX|00|09012100||||17,00|1709600|
|0220|CX|18,000000|
|0220|DI|6,000000|
|0220|UN|1,000000|
|0200|10173|PAP HIG NEVE 20M PREMIUM COMFORT 6 ROLOS|7896018704107||CX|00|48181000||||0,00|2004300|
|0220|CX|7,000000|
|0220|UN|1,000000|
|0200|10182|LACTA INTENSE ORIGINAL 60% CACAU 85G|7622210689573||CX|00|18063210||||17,00|1700300|
|0220|CX|68,000000|
|0220|DI|17,000000|
|0220|UN|1,000000|
|0200|10183|LACTA INTENSE 60% CACAU MIX NUTS 85G|7622210732316||CX|00|18063210||||17,00|1700300|
|0220|CX|68,000000|
|0220|DI|17,000000|
|0220|UN|1,000000|
|0200|10186|LACTA INTENSE 60% CACAU CAFE 85G|7622210689658||CX|00|18063210||||17,00|1700300|
|0220|CX|68,000000|
|0220|DI|17,000000|
|0220|UN|1,000000|
|0200|10187|LACTA INTENSE 40% CACAU 85G|7622210699992||CX|00|18063210||||17,00|1700300|
|0220|CX|68,000000|
|0220|DI|17,000000|
|0220|UN|1,000000|
|0200|10227|MORTEIN PRO ISCA MATA BARATAS 2 UNID.|7891035991035||CX|00|38089119||||17,00||
|0220|CX|24,000000|
|0220|DI|6,000000|
|0220|UN|1,000000|
|0200|10242|GFA TERM PRESSAO NOBILE RUBI 1,9L|7896020696421||CX|00|96170010||||17,00||
|0220|CX|4,000000|
|0220|UN|1,000000|
|0200|10247|BOLSA TERMICA MOR 15L|||UN|00|42029200||||17,50||
|0220|CX|1,000000|
|0220|UN|1,000000|
|0200|10256|BOM AR AER AROMA SENSE ROMANCE 360ML|7891035991134||CX|00|33074900||||25,00||
|0220|CX|12,000000|
|0220|DI|3,000000|
|0220|UN|1,000000|
|0200|10257|TRIDENT MINTS MENTA 22,5g|7622210630636||CX|00|21069060||||17,00||
|0220|CX|81,000000|
|0220|DI|9,000000|
|0220|UN|1,000000|
|0200|10259|BOM AR AER AROMA SENSE ALEGRIA 360ML|7891035991141||CX|00|33074900||||25,00|2003200|
|0220|CX|12,000000|
|0220|DI|3,000000|
|0220|UN|1,000000|
|0200|10273|BOM AR FRESHMATIC ROMANCE REFIL 250ML|7891035991165||CX|00|33074900||||25,00||
|0220|CX|6,000000|
|0220|UN|1,000000|
|0200|10276|BOM AR FRESHMATIC ALEGRIA REFIL 250ML|7891035991172||CX|00|33074900||||25,00||
|0220|CX|6,000000|
|0220|UN|1,000000|
|0200|10277|BOM AR FRESH SPRAY ROMANCE APAR + REF 250ML|7891035991158||CX|00|33074900||||25,00|2003200|
|0220|CX|4,000000|
|0220|UN|1,000000|
|0200|10284|VEJA COZINHA LIMAO 2 REFIS 30% DESC 2 UN|7891035991042||CX|00|34025000||||17,00|1100700|
|0220|CX|6,000000|
|0220|UN|1,000000|
|0200|10285|BOM AR FRESH FL DE ALG 2 REF 250 ML 50% DESC|7891035000102||CX|00|33074900||||25,00||
|0220|CX|4,000000|
|0220|UN|1,000000|
|0200|10287|HARPIC PASTILHA ADES 2 EM 1 LAVANDA LV 5 PG 4|7891035000140||CX|00|34025000||||17,00|1100700|
|0220|CX|24,000000|
|0220|DI|12,000000|
|0220|UN|1,000000|
|0200|10288|HARPIC PAST. ADESIVA 2 EM 1 PINHO LV 5 PG 4|7891035000157||CX|00|34025000||||17,00|1100700|
|0220|CX|24,000000|
|0220|DI|12,000000|
|0220|UN|1,000000|
|0200|10290|ESP BETTA BANHO INFANTIL FUN|7896001004641||CX|00|39249000||||17,00|1100900|
|0220|CX|60,000000|
|0220|DI|12,000000|
|0220|UN|1,000000|
|0200|10293|FRALDA HUGGIES S.CARE G 32F MEGA|7896007548415||CX|00|96190000||||0,00|2004800|
|0220|CX|6,000000|
|0220|UN|1,000000|
|0200|10294|FRALDA HUGGIES S.CARE XG 26F MEGA|7896007548422||CX|00|96190000||||0,00|2004800|
|0220|CX|6,000000|
|0220|UN|1,000000|
|0200|10295|ABS INTIMUS C/14 DIA & NOITE C/ABAS|7896007550807||CX|00|96190000||||0,00|2005000|
|0220|CX|30,000000|
|0220|DI|6,000000|
|0220|UN|1,000000|
|0200|10296|ENGOV AFTER CITRUS 250ML|7896094919693||CX|00|22029900||||0,00|0301500|
|0220|CX|6,000000|
|0220|UN|1,000000|
|0200|10297|ENGOV AFTER TANGERINA 250ML|7896094919709||CX|00|22029900||||0,00|0301500|
|0220|CX|6,000000|
|0220|UN|1,000000|
|0200|10318|POMAROLA VIDRO TRADICIONAL 420ML|7896036000267||CX|00|21032010||||17,00|1704100|
|0220|CX|12,000000|
|0220|DI|3,000000|
|0220|UN|1,000000|
|0200|10319|POMAROLA VIDRO MANJERICAO 420ML|7896036000274||CX|00|21032010||||17,00|1704100|
|0220|CX|12,000000|
|0220|DI|3,000000|
|0220|UN|1,000000|
|0200|10320|ADOCYL LIQ SACARINA FR 200ML|7891104393067||CX|00|21069090||||17,00||
|0220|CX|12,000000|
|0220|UN|1,000000|
|0200|10321|ADOCYL LIQ SACARINA FR 100ML|7891104393104||CX|00|21069090||||17,00||
|0220|CX|12,000000|
|0220|UN|1,000000|
|0200|10322|ADOCYL LIQ STEVIA FR 80ML|7896094906020||CX|00|21069090||||17,00||
|0220|CX|12,000000|
|0220|UN|1,000000|
|0200|10323|ZERO CAL LIQ SUCRA FR 100ML|7896094906624||CX|00|21069090||||17,00||
|0220|CX|12,000000|
|0220|UN|1,000000|
|0200|10327|ZERO CAL LIQ SACARINA FR 100ML|7896094910904||CX|00|21069090||||17,00||
|0220|CX|12,000000|
|0220|UN|1,000000|
|0200|10328|ZERO CAL LIQ SACARINA FR 200ML|7896094910959||CX|00|21069090||||17,00||
|0220|CX|12,000000|
|0220|UN|1,000000|
|0200|10329|ZERO CAL LIQ ASP FR 100ML|7896094911000||CX|00|21069090||||17,00||
|0220|CX|12,000000|
|0220|UN|1,000000|
|0200|10330|ZERO CAL SUCR LIQ L2 PROM 100ML|7896094912779||CX|00|21069090||||17,00||
|0220|CX|6,000000|
|0220|UN|1,000000|
|0200|10331|ADOCYL LIQ SUCRALOSE FR 80ML|7896094914070||CX|00|21069090||||17,00||
|0220|CX|12,000000|
|0220|UN|1,000000|
|0200|10332|ZERO CAL STEVIA FR 80ML|7896094915046||CX|00|21069090||||17,00||
|0220|CX|12,000000|
|0220|UN|1,000000|
|0200|10333|ZERO CAL PO STEVIA ENV 40G|7896094915176||CX|00|21069090||||17,00||
|0220|CX|12,000000|
|0220|UN|1,000000|
|0200|10334|ADOCYL LIQ SUCRALOSE FR 160ML|7896094916944||CX|00|21069090||||17,00||
|0220|CX|12,000000|
|0220|UN|1,000000|
|0200|10335|ADOCYL CULINARIO PO POTE 150G|7896094917439||CX|00|21069090||||17,00||
|0220|CX|6,000000|
|0220|UN|1,000000|
|0200|10336|FINN ADOC PO SUCRALOSE SCH 40G|7898928577512||CX|00|21069090||||17,00||
|0220|CX|12,000000|
|0220|UN|1,000000|
|0200|10341|ZERO CAL STEVIA LIQ FR LEVE 2 PROMO 80ML|7896094919129||CX|00|21069090||||17,00||
|0220|CX|6,000000|
|0220|UN|1,000000|
|0200|10342|FINN XYLITOL FR 65ML|7898928577772||CX|00|21069090||||17,00||
|0220|CX|12,000000|
|0220|UN|1,000000|
|0200|10343|FINN XILITOL SCH 150G|7898928577789||CX|00|21069090||||17,00||
|0220|CX|12,000000|
|0220|UN|1,000000|
|0200|10344|FINN NUTRITIVE LATA CHOCOLATE 400G|7898928577796||CX|00|21069030||||17,00||
|0220|CX|12,000000|
|0220|UN|1,000000|
|0200|10348|POMAROLA VIDRO ALHO&CEBOLA 420ML|7896036000281||CX|00|21032010||||17,00|1704100|
|0220|CX|12,000000|
|0220|DI|3,000000|
|0220|UN|1,000000|
|0200|10362|ABS INTIMUS C/16 NOTURNO SUAVE C/ABAS PROMO|7896007550883||CX|00|96190000||||0,00|2005000|
|0220|CX|30,000000|
|0220|DI|6,000000|
|0220|UN|1,000000|
|0200|10373|VANISH GEL ROSA T MANCHAS MULT REF 1,2L|7891035000010||CX|00|34025000||||17,00|1100700|
|0220|CX|6,000000|
|0220|DI|3,000000|
|0220|UN|1,000000|
|0200|10374|VANISH GEL WHITE T MANCHAS MULTI REF 1,2L|7891035000027||CX|00|34025000||||17,00|1100700|
|0220|CX|6,000000|
|0220|DI|3,000000|
|0220|UN|1,000000|
|0200|10409|FRALDA HUGGIES S.CARE M 40F MEGA|7896007548408||CX|00|96190000||||0,00|2004800|
|0220|CX|6,000000|
|0220|UN|1,000000|
|0200|10437|1 VEJA COZ PULV LIMAO + 1 VEJA COZ REFIL LIM|7891035000492||CX|00|34025000||||17,00|1100700|
|0220|CX|6,000000|
|0220|UN|1,000000|
|0200|10439|VEJA OF ESP MULTI + DESENG + X-14 TIRA LIMO|7891035000515||CX|00|34025000||||17,00|1100700|
|0220|CX|8,000000|
|0220|UN|1,000000|
|0200|10440|LACTA TRUFAS SORTIDAS 103,5G|7622210551832||CX|00|18069000||||17,00|1700700|
|0220|CX|12,000000|
|0220|UN|1,000000|
|0200|10442|LACTA TRUFAS SORTIDAS 138G|7622210558480||CX|00|18069000||||17,00|1700700|
|0220|CX|10,000000|
|0220|UN|1,000000|
|0200|10456|FRALDA HUGGIES T.PROT P 24FR JUMBINHO|7896007550197||CX|00|96190000||||0,00|2004800|
|0220|CX|12,000000|
|0220|UN|1,000000|
|0200|10457|FRALDA HUGGIEST.PROT M 18FR JUMBINHO|7896007550203||CX|00|96190000||||0,00|2004800|
|0220|CX|12,000000|
|0220|UN|1,000000|
|0200|10458|FRALDA HUGGIES T.PROT G 18FR JUMBINHO|7896007550210||CX|00|96190000||||0,00|2004800|
|0220|CX|12,000000|
|0220|UN|1,000000|
|0200|10459|FRALDA HUGGIES T.PROT XG 14FR JUMBINHO|7896007550227||CX|00|96190000||||0,00|2004800|
|0220|CX|12,000000|
|0220|UN|1,000000|
|0200|10460|FRALDA HUGGIES T.PROT XXG 12FR JUMBINHO|7896007550234||CX|00|96190000||||0,00|2004800|
|0220|CX|12,000000|
|0220|UN|1,000000|
|0200|10463|VEJA PERFUMES JASMIM DO CARIBE 500ML|7891035000249||CX|00|34025000||||17,00|1100700|
|0220|CX|24,000000|
|0220|DI|6,000000|
|0220|UN|1,000000|
|0200|10464|VEJA PERFUMES TULIPA DA HOLANDA 500ML|7891035000270||CX|00|34025000||||17,00|1100700|
|0220|CX|24,000000|
|0220|DI|6,000000|
|0220|UN|1,000000|
|0200|10465|VEJA PERFUMES JASMIM DO CARIBE 1L|7891035000256||CX|00|34025000||||17,00|1100700|
|0220|CX|12,000000|
|0220|UN|1,000000|
|0200|10466|VEJA PERFUMES TULIPA DA HOLANDA 1L|7891035000294||CX|00|34025000||||17,00|1100700|
|0220|CX|12,000000|
|0220|UN|1,000000|
|0200|10467|VEJA PERFUMES JASMIM DO CARIBE 2L|7891035000263||CX|00|34025000||||17,00|1100700|
|0220|CX|6,000000|
|0220|UN|1,000000|
|0200|10468|VEJA PERFUMES TULIPA DA HOLANDA 2L|7891035000287||CX|00|34025000||||17,00|1100700|
|0220|CX|6,000000|
|0220|UN|1,000000|
|0200|10469|TOA UME HUGGIES 48toa MAX CLEAN VERDE|7896018700659||CX|00|34011190||||0,00|2003401|
|0220|CX|24,000000|
|0220|UN|1,000000|
|0200|10471|VEJA PETS FLORAL 2L|7891035000317||CX|00|34025000||||17,00|1100700|
|0220|CX|6,000000|
|0220|UN|1,000000|
|0200|10472|VEJA PETS CITRUS 2L|7891035000324||CX|00|34025000||||17,00|1100700|
|0220|CX|6,000000|
|0220|UN|1,000000|
|0200|10473|VEJA PETS HERBAL 2L|7891035000331||CX|00|34025000||||17,00|1100700|
|0220|CX|6,000000|
|0220|UN|1,000000|
|0200|10478|VEJA DESENGORD. POWER GEL LIMAO 500ML|7891035000225||CX|00|34025000||||17,00|1100700|
|0220|CX|24,000000|
|0220|UN|1,000000|
|0200|10481|VEJA BANHEIRO ANTIBAC ORIGINAL PULV. 500ML|7891035000041||CX|00|34025000||||17,00|1100700|
|0220|CX|12,000000|
|0220|UN|1,000000|
|0200|10482|VEJA BANH ANTIBAC ORIG PULV 500ML 30% DESC|7891035000089||CX|00|34025000||||17,00|1100700|
|0220|CX|12,000000|
|0220|UN|1,000000|
|0200|10483|VEJA BANHEIRO ANTIBAC ORIGINAL RECARGA 500ML|7891035000119||CX|00|34025000||||17,00|1100700|
|0220|CX|12,000000|
|0220|UN|1,000000|
|0200|10485|VEJA BANH. ANTIBAC ORIG. SQ. 500ML 20% DESC.|7891035000065||CX|00|34025000||||17,00|1100700|
|0220|CX|24,000000|
|0220|DI|3,000000|
|0220|UN|1,000000|
|0200|10486|VEJA BANHEIRO ANTIBAC ORIGINAL REFIL 400ML|7891035000072||CX|00|34025000||||17,00|1100700|
|0220|CX|12,000000|
|0220|DI|3,000000|
|0220|UN|1,000000|
|0200|10487|ZERO CAL ERITRITOL FR 65ML|7896094919136||CX|00|21069090||||17,00||
|0220|CX|12,000000|
|0220|UN|1,000000|
|0200|10490|ABS INTIMUS C/30 NOTURNO SUAVE C/ABAS|7896007550890||CX|00|96190000||||0,00|2005000|
|0220|CX|16,000000|
|0220|UN|1,000000|
|0200|10491|ABS INTIMUS C/30 NOTURNO SECA C/ABAS|7896007550906||CX|00|96190000||||0,00|2005000|
|0220|CX|16,000000|
|0220|UN|1,000000|
|0200|10513|MOP SPRAY SLIM NOVICA (IMPORTADO)|7896001018129||CX|00|96039000||||17,00|2802800|
|0220|CX|4,000000|
|0220|UN|1,000000|
|0200|10515|ZERO CAL ERITRITOL PO 250G|7896094919815||CX|00|21069090||||17,00||
|0220|CX|6,000000|
|0220|UN|1,000000|
|0200|10518|ABS INTIMUS C/14 ANTIBAC C/ABAS|7896007551019||CX|00|96190000||||0,00|2005000|
|0220|CX|30,000000|
|0220|UN|1,000000|
|0200|10519|ABS INTIMUS C/28 ANTIBAC C/ABAS|7896007551026||CX|00|96190000||||0,00|2005000|
|0220|CX|16,000000|
|0220|UN|1,000000|
|0200|10560|LYSOL AEROSOL BRISA DA MANHA 360ML|7891035001031||CX|00|38089419||||17,00|1100700|
|0220|CX|12,000000|
|0220|UN|1,000000|
|0200|10584|LYSOL AEROSOL FLORES LIMA E LIMAO 360ML|7891035001048||CX|00|38089419||||17,00|1100700|
|0220|CX|12,000000|
|0220|UN|1,000000|
|0200|10585|LYSOL AEROSOL PUREZA DO ALGODAO 360ML|7891035001055||CX|00|38089419||||17,00|1100700|
|0220|CX|12,000000|
|0220|UN|1,000000|
|0200|10589|LYSOL LENCOS DESINF PODER CITRICO 72 UN|7891035000706||CX|00|38089419||||17,00||
|0220|CX|5,000000|
|0220|UN|1,000000|
|0200|10597|CREME ASSADURAS HUGGIES SUP CARE 80G|7896018704152||CX|00|33049990||||0,00|2001500|
|0220|CX|12,000000|
|0220|UN|1,000000|
|0200|10598|CREME ASSADURAS HUGGIES PURO E NAT 80G|7896018704169||CX|00|33049990||||0,00|2001500|
|0220|CX|12,000000|
|0220|UN|1,000000|
|0200|10601|BOM JESUS POUCH 500G 5 kg TRADICIONAL|7896035731384||CX|00|09012100||||17,00|1709600|
|0220|CX|10,000000|
|0220|DI|5,000000|
|0220|UN|1,000000|
|0200|10604|HARPIC FRESH POWER6 CLORO 39G|7891035000546||CX|00|34025000||||17,00|1100700|
|0220|CX|6,000000|
|0220|DI|3,000000|
|0220|UN|1,000000|
|0200|10605|HARPIC FRESH POWER6 FRESCOR DO CARIBE 39G|7891035991080||CX|00|34025000||||17,00|1100700|
|0220|CX|6,000000|
|0220|DI|3,000000|
|0220|UN|1,000000|
|0200|10606|HARPIC FR POWER6 LAV C/2 40% DESC NA SEGUN UN|7891035000560||CX|00|34025000||||17,00|1100700|
|0220|CX|6,000000|
|0220|DI|3,000000|
|0220|UN|1,000000|
|0200|10609|POMAROLA CHEF PASSATA VIDRO 700G|7896036098806||CX|00|20029000||||17,00|1704000|
|0220|CX|12,000000|
|0220|UN|1,000000|
|0200|10610|PANOS SCOTT DURAMAX *AZUL* ROLO 58 FLS|7702425809697||CX|00|48189090||||17,00|2004700|
|0220|CX|24,000000|
|0220|UN|1,000000|
|0200|10635|VEJA MULT. P. FUSION LIMAO PULV. 500ML|7891035000744||CX|00|34025000||||17,00|1100700|
|0220|CX|12,000000|
|0220|DI|6,000000|
|0220|UN|1,000000|
|0200|10638|VEJA PERF SENS BEM ESTAR MED 1L|7891035000799||CX|00|34025000||||17,00|1100700|
|0220|CX|12,000000|
|0220|UN|1,000000|
|0200|10639|VEJA PERF SENS BEM ESTAR GDE 2L|7891035000812||CX|00|34025000||||17,00|1100700|
|0220|CX|6,000000|
|0220|UN|1,000000|
|0200|10641|VEJA AROMA SENSE EUFORIA 1L|7891035000805||CX|00|34025000||||17,00|1100700|
|0220|CX|12,000000|
|0220|UN|1,000000|
|0200|10642|VEJA PERF SENS EUFORIA GDE 2L|7891035000829||CX|00|34025000||||17,00|1100700|
|0220|CX|6,000000|
|0220|UN|1,000000|
|0200|10643|FRALDA HUGGIES S.CARE*ROUPINHA*JBO G 18F|7896007549658||CX|00|96190000||||0,00|2004800|
|0220|CX|9,000000|
|0220|UN|1,000000|
|0200|10644|FRALDA HUGGIES S.CARE ROUPINHA XG 14F|7896007549665||CX|00|96190000||||0,00|2004800|
|0220|CX|9,000000|
|0220|UN|1,000000|
|0200|10663|ZERO CAL PO SUCRA PO ENV 30G|7896094919853||CX|00|21069090||||17,00||
|0220|CX|12,000000|
|0220|UN|1,000000|
|0200|10664|PANO MULTIUSO ALMOF ESFREBOM AZUL|7896001080034||CX|00|56031250||||17,00||
|0220|CX|25,000000|
|0220|UN|1,000000|
|0200|10677|FRALDA HUGGIES T.PROT P 46F MEGUINHA|7896007551309||CX|00|96190000||||0,00|2004800|
|0220|CX|9,000000|
|0220|UN|1,000000|
|0200|10678|FRALDA HUGGIES T.PROT M 42F MEGUINHA|7896007551316||CX|00|96190000||||0,00|2004800|
|0220|CX|9,000000|
|0220|UN|1,000000|
|0200|10679|FRALDA HUGGIES T. PROT G 36F MEGUINHA|7896007551323||CX|00|96190000||||0,00|2004800|
|0220|CX|9,000000|
|0220|UN|1,000000|
|0200|10680|FRALDA HUGGIES T.PROT XG 32F MEGUINHA|7896007551330||CX|00|96190000||||0,00|2004800|
|0220|CX|6,000000|
|0220|UN|1,000000|
|0200|10681|FRALDA HUGGIES T.PROT XXG 32F MEGUINHA|7896007551347||CX|00|96190000||||0,00|2004800|
|0220|CX|6,000000|
|0220|UN|1,000000|
|0200|10688|ENGOV AFTER BERRY VIBES 250ML|7896094921351||CX|00|22029900||||0,00|0301500|
|0220|CX|6,000000|
|0200|10693|OLEO PURILEV COCO SEM SABOR 500ML|7896036099001||CX|00|15131900||||17,00|1707500|
|0220|CX|12,000000|
|0220|UN|1,000000|
|0200|10699|LYSOL LIQ PUREZA DO ALGODAO REF 500ML|7891035001321||CX|00|38089419||||17,00|1100700|
|0220|CX|12,000000|
|0220|UN|1,000000|
|0200|10700|VEJA MULTIUSO POWER FUSION COCO 500ML|7891035000973||CX|00|34025000||||17,00|1100700|
|0220|CX|24,000000|
|0220|DI|3,000000|
|0220|UN|1,000000|
|0200|10708|VEJA MULTI EXPLOSAO PERF CEREJA TROP 500ML|7891035000959||CX|00|34025000||||17,00|1100700|
|0220|CX|24,000000|
|0220|DI|6,000000|
|0220|UN|1,000000|
|0200|10710|VEJA MULTIUSO FRESCOR VIOLETA 500ML|7891035000966||CX|00|34025000||||17,00|1100700|
|0220|CX|24,000000|
|0220|DI|6,000000|
|0220|UN|1,000000|
|0200|10711|BOM AR DIF ELET LIRIO BR ALGOD APAR + RF 16ML|7891035001444||CX|00|33074900||||25,00||
|0220|CX|12,000000|
|0220|DI|3,000000|
|0220|UN|1,000000|
|0200|10718|BOM AR FRESH CHEIR DE TALCO REF 250ML|7891035001093||CX|00|33074900||||25,00||
|0220|CX|6,000000|
|0220|UN|1,000000|
|0200|10721|CAIXA TERMICA 26L MOR CORES SORT|||CX|00|39231090||||17,50||
|0220|CX|1,000000|
|0220|UN|1,000000|
|0200|10725|SBP LARVICIDA ANTI AEDES 300ML|7891035001123||CX|00|38089119||||17,00||
|0220|CX|12,000000|
|0220|UN|1,000000|
|0200|10727|FRALDA HUGGIES S.CARE XXG 16FR JUMBO|7896007548392||CX|00|96190000||||0,00|2004800|
|0220|CX|12,000000|
|0220|UN|1,000000|
|0200|10729|TV LED 40 PANASONIC|||CX|00|85287200||||0,00|2107000|
|0220|CX|1,000000|
|0220|UN|1,000000|
|0200|10730|TV LED 55 4K LG|||CX|00|85287200||||0,00|2107000|
|0220|CX|1,000000|
|0220|UN|1,000000|
|0200|10731|TV LED 50 4K LG|||CX|00|85287200||||0,00|2107000|
|0220|CX|1,000000|
|0220|UN|1,000000|
|0200|10768|PAP HIG NEVE 20M SUPREME LV12PG11|7896018704282||CX|00|48181000||||0,00|2004300|
|0220|CX|6,000000|
|0220|UN|1,000000|
|0200|10769|GUARDANAPO SCOTT DIA A DIA 24X21,8 PEQUENO|7891172145124||CX|00|48183000||||0,00|2004600|
|0220|CX|72,000000|
|0220|DI|12,000000|
|0220|UN|1,000000|
|0200|10770|GUARDANAPO SCOTT DIA A DIA 30X26,2 GRANDE|7891172145322||CX|00|48183000||||0,00|2004600|
|0220|CX|72,000000|
|0220|DI|12,000000|
|0220|UN|1,000000|
|0200|10771|GUARDANAPO SCOTT GRAND HOTEL 23,8X21,8 PEQ|7891172151132||CX|00|48183000||||0,00|2004600|
|0220|CX|81,000000|
|0220|DI|9,000000|
|0220|UN|1,000000|
|0200|10772|GUARDANAPO SCOTT GRAND HOTEL 31,8X32,8 GDE|7891172151330||CX|00|48183000||||0,00|2004600|
|0220|CX|72,000000|
|0220|DI|9,000000|
|0220|UN|1,000000|
|0200|10773|POMAROLA TRADICIONAL SACHE 320G|7896036098974||CX|00|21032010||||17,00|1704100|
|0220|CX|24,000000|
|0220|DI|12,000000|
|0220|UN|1,000000|
|0200|10792|CAFE SABOR DA FAZENDA 500g|7891021005517||CX|00|09012100||||17,00|1709600|
|0220|CX|20,000000|
|0220|DI|5,000000|
|0220|UN|1,000000|
|0200|10797|TRIDENT BAG BASE INTENSE XFRESH|7895800412794||CX|00|21069050||||17,00||
|0220|CX|40,000000|
|0220|DI|5,000000|
|0220|UN|1,000000|
|0200|10800|VANISH GEL ROSA T MANCHAS MULTI REF 200ML|7891035001512||CX|00|34025000||||17,00|1100700|
|0220|CX|12,000000|
|0220|DI|3,000000|
|0220|UN|1,000000|
|0200|10801|VANISH GEL WHITE T MANCHAS REF 200ML|7891035001529||CX|00|34025000||||17,00|1100700|
|0220|CX|12,000000|
|0220|DI|3,000000|
|0220|UN|1,000000|
|0200|10802|VEJA BANHEIRO ANTIBAC LAVANDA 500ML 20% DESC.|7891035001413||CX|00|34025000||||17,00|1100700|
|0220|CX|24,000000|
|0220|DI|6,000000|
|0220|UN|1,000000|
|0200|10803|VEJA BANHEIRO LAVANDA PULV. 500ML 30%|7891035001420||CX|00|34025000||||17,00|1100700|
|0220|CX|12,000000|
|0220|UN|1,000000|
|0200|10804|VEJA BANHEIRO ANTIBAC LAVANDA REFIL 400ML|7891035001437||CX|00|34025000||||17,00|1100700|
|0220|CX|12,000000|
|0220|UN|1,000000|
|0200|10805|VANISH OXI ADV ANTIBAC PO REF 330G|7891035001383||CX|00|34025000||||17,00|1100700|
|0220|CX|24,000000|
|0220|DI|3,000000|
|0220|UN|1,000000|
|0200|10806|VANISH OXI ADVANCE ANTIBAC PO 390G|7891035001406||CX|00|34025000||||17,00|1100700|
|0220|CX|12,000000|
|0220|UN|1,000000|
|0200|10808|LUVA ESFREBOM VERSATIL GDE LATEX AMARELA|7896001014039||CX|00|40151900||||17,00|1301000|
|0220|CX|100,000000|
|0220|UN|1,000000|
|0200|10810|LUVA ESFREBOM VERSATIL PEQ LATEX AMARELA|7896001014015||CX|00|40151900||||17,00|1301000|
|0220|CX|100,000000|
|0220|UN|1,000000|
|0200|10813|MOP BALDE BRILHUS PLUS 13L|7896001005051||CX|00|96039000||||17,00|2802800|
|0220|CX|4,000000|
|0220|UN|1,000000|
|0200|10814|HARPIC LIQ POWER PLUS 200ML|7891035001727||CX|00|34025000||||17,00|1100700|
|0220|CX|12,000000|
|0220|DI|6,000000|
|0220|UN|1,000000|
|0200|10815|HARPIC LIQ CLORO FORTE 200ML|7891035001710||CX|00|34025000||||17,00|1100700|
|0220|CX|12,000000|
|0220|UN|1,000000|
|0200|10816|FINN ADOC PO SUCRALOSE SCH 30G|7898928577932||CX|00|21069090||||17,00||
|0220|CX|12,000000|
|0220|UN|1,000000|
|0200|10818|PLENITUD FEMME ABSORVENTE C/8 NOTURNO|7896007551002||CX|00|96190000||||0,00|2005000|
|0220|CX|6,000000|
|0220|UN|1,000000|
|0200|10839|TOA UME HUGGIES LV4PG3 ONE E DONE|7896018704015||CX|00|34011190||||0,00|2003401|
|0220|CX|6,000000|
|0220|UN|1,000000|
|0200|10848|FINN ADOC LIQ SUCRA C/2 DESC 50% SEGUND UNID|7898928577949||CX|00|21069090||||17,00||
|0220|CX|6,000000|
|0220|UN|1,000000|
|0200|10859|VANISH OXI ACTION PO SACHE 120G|7891035001475||CX|00|34025000||||17,00|1100700|
|0220|CX|24,000000|
|0220|DI|6,000000|
|0220|UN|1,000000|
|0200|10860|VANISH CRYSTAL WHITE PO SACHE 120G|7891035001482||CX|00|34025000||||17,00|1100700|
|0220|CX|24,000000|
|0220|DI|6,000000|
|0220|UN|1,000000|
|0200|10863|ZERO CAL PO ASP ENV 30 G|7896094919860||CX|00|21069090||||17,00||
|0220|CX|12,000000|
|0220|UN|1,000000|
|0200|10876|BRILHUS ESPONJA MULTIUSO UNITARIA|7896001004511||CX|00|68053090||||17,00|1100900|
|0220|CX|60,000000|
|0220|UN|1,000000|
|0200|10878|EXTRATO ELEFANTE *POTE* 310G|7896036099117||CX|00|20029000||||17,00|1704000|
|0220|CX|24,000000|
|0220|DI|12,000000|
|0220|UN|1,000000|
|0200|10884|ABS INTIMUS C/8 2EM1 SUAVE C/ABAS|7896007551705||CX|00|96190000||||0,00|2005000|
|0220|CX|20,000000|
|0220|UN|1,000000|
|0200|10885|ABS INTIMUS C/14 2EM1 PROTETOR DIARIO|7896007551699||CX|00|96190000||||0,00|2005000|
|0220|CX|24,000000|
|0220|UN|1,000000|
|0200|10886|FRALDA HUGGIES S.CARE XG 16F JUMBO|7896007548385||CX|00|96190000||||0,00|2004800|
|0220|CX|12,000000|
|0220|UN|1,000000|
|0200|10887|PA LIXO COLETORA NOVICA C/CABO|7896001001411||CX|00|39249000||||17,00||
|0220|CX|6,000000|
|0220|UN|1,000000|
|0200|10888|PA LIXO SUPER PA NOVICA C/CABO|7896001001527||CX|00|39249000||||17,00||
|0220|CX|12,000000|
|0220|DI|3,000000|
|0220|UN|1,000000|
|0200|10889|RODO E.V.A. MAX P 30cm NOVICA|7896001003002||CX|00|96039000||||17,00||
|0220|CX|12,000000|
|0220|UN|1,000000|
|0200|10890|RODO E.V.A. MAX M 40cm NOVICA|7896001003200||CX|00|96039000||||17,00||
|0220|CX|12,000000|
|0220|UN|1,000000|
|0200|10891|ESP. ESFREBOM MAGICA UNIT|7896001045712||CX|00|39249000||||17,00|1100900|
|0220|CX|60,000000|
|0220|DI|12,000000|
|0220|UN|1,000000|
|0200|10892|ESP. ESFREBOM ACO INOX UNIT|7896001004856||CX|00|73231000||||17,00|1101100|
|0220|CX|24,000000|
|0220|DI|6,000000|
|0220|UN|1,000000|
|0200|10895|VEJA DESINFETANTE PINHO 1L|7891035001642||CX|00|38089419||||17,00||
|0220|CX|12,000000|
|0220|UN|1,000000|
|0200|10896|VEJA DESINFETANTE LAVANDA 1L|7891035001673||CX|00|38089419||||17,00||
|0220|CX|12,000000|
|0220|UN|1,000000|
|0200|10905|POMAROLA VIDRO AZEITONA 420G|7896036098790||CX|00|21032010||||17,00|1704100|
|0220|CX|12,000000|
|0220|DI|3,000000|
|0220|UN|1,000000|
|0200|10909|SBP LOCAO REPELENTE BABY 100ML|7891035000898||CX|00|38089199||||17,00||
|0220|CX|12,000000|
|0220|DI|3,000000|
|0220|UN|1,000000|
|0200|10910|REPELEX LOC REPEL 100ML 2 UN 50% DESC 2 UNID|7891035000768||CX|00|38089199||||17,00||
|0220|CX|6,000000|
|0220|UN|1,000000|
|0200|10914|VEJA MULTIUSO POWER FUSION COCO PULV. 500ML|7891035001222||CX|00|34025000||||17,00|1100700|
|0220|CX|12,000000|
|0220|DI|3,000000|
|0220|UN|1,000000|
|0200|10915|VEJA COZINHA LAVANDA PULV. 500ML 30% DESC|7891035001734||CX|00|34025000||||17,00|1100700|
|0220|CX|12,000000|
|0220|DI|3,000000|
|0220|UN|1,000000|
|0200|10916|VEJA COZINHA LAVANDA SQUEEZE 500ML 20% DESC.|7891035001741||CX|00|34025000||||17,00|1100700|
|0220|CX|24,000000|
|0220|DI|6,000000|
|0220|UN|1,000000|
|0200|10917|VEJA COZINHA LAVANDA REFIL ECON. 400ML|7891035001758||CX|00|34025000||||17,00|1100700|
|0220|CX|12,000000|
|0220|DI|3,000000|
|0220|UN|1,000000|
|0200|10919|BIS XTRA BLACK 45G|7622210566409||CX|00|19053200||||12,00|1705800|
|0220|CX|96,000000|
|0220|DI|24,000000|
|0220|UN|1,000000|
|0200|10926|VEJA DESINFETANTE POWER ACTION PINHO 500ML|7891035001635||CX|00|38089419||||17,00||
|0220|CX|24,000000|
|0220|DI|3,000000|
|0220|UN|1,000000|
|0200|10927|VEJA DESINFETANTE POWER ACTION LAVANDA 500ML|7891035001666||CX|00|38089419||||17,00||
|0220|CX|24,000000|
|0220|DI|3,000000|
|0220|UN|1,000000|
|0200|10928|VEJA DESINFETANTE PINHO SQUEEZE 500ML|7891035001956||CX|00|38089419||||17,00||
|0220|CX|24,000000|
|0220|UN|1,000000|
|0200|10929|VEJA DESINFETANTE LAVANDA SQUEEZE 500ML|7891035001949||CX|00|38089419||||17,00||
|0220|CX|24,000000|
|0220|UN|1,000000|
|0200|10941|MOP COMPACTO 10L NOVICA|7896001014572||CX|00|96039000||||17,00|2802800|
|0220|CX|4,000000|
|0220|UN|1,000000|
|0200|10943|ENGOV AFTER RED HITS 250ML|7896094925120||CX|00|22029900||||0,00|0301500|
|0220|CX|6,000000|
|0220|UN|1,000000|
|0200|10944|BIS XTRA LEITE 45G (NOVO)|7622300988470||CX|00|19053200||||12,00|1705800|
|0220|CX|96,000000|
|0220|DI|24,000000|
|0220|UN|1,000000|
|0200|10945|BIS XTRA OREO 45G (NOVO)|7622300988517||CX|00|19053200||||12,00|1705800|
|0220|CX|96,000000|
|0220|DI|24,000000|
|0220|UN|1,000000|
|0200|10959|MOP COMPACTO 10L REFIL NOVICA|7896001013957||CX|00|96039000||||17,00|2802800|
|0220|CX|6,000000|
|0220|UN|1,000000|
|0200|10960|MOP SPRAY FIT REFIL NOVICA|7896001000780||CX|00|63071000||||17,00|2802800|
|0220|CX|6,000000|
|0220|UN|1,000000|
|0200|10961|ESP. ESFREBOM ANTIVIRAL C/2 UNID|7896001044937||CX|00|68053090||||17,00|1100900|
|0220|CX|120,000000|
|0220|DI|12,000000|
|0220|UN|1,000000|
|0200|10975|PUCCINO CHOCO-AVELA 200g|7896348300840||CX|00|21011200||||17,00|1710900|
|0220|CX|24,000000|
|0220|DI|6,000000|
|0220|UN|1,000000|
|0200|10976|PUCCINO CHOCO-LARANJA 200g|7896348300857||CX|00|21011200||||17,00|1710900|
|0220|CX|24,000000|
|0220|DI|6,000000|
|0220|UN|1,000000|
|0200|10981|MOP LAVA E SECA NOVICA|7896001013988||CX|00|96039000||||17,00|2802800|
|0220|CX|2,000000|
|0220|UN|1,000000|
|0200|10983|CAIXA DE SOM JBL CHARGE 5|||CX|00|85182200||||0,00|2105000|
|0220|CX|1,000000|
|0220|UN|1,000000|
|0200|10985|SBP ADVANCED REPEL SPRAY KIDS 90ML|7891035618581||CX|00|38089199||||17,00||
|0220|CX|12,000000|
|0220|DI|3,000000|
|0220|UN|1,000000|
|0200|10989|REPELEX LOCAO REPELENTE 200ML 25% DESC.|7891035024214||CX|00|38089199||||17,00||
|0220|CX|6,000000|
|0220|DI|3,000000|
|0220|UN|1,000000|
|0200|10997|PAP HIG NEVE 20M LV16 PG15 SUPREME COMPACT|7891172432804||CX|00|48181000||||0,00|2004300|
|0220|CX|4,000000|
|0220|UN|1,000000|
|0200|10998|CAFE MELITTA POUCH 500G 5 kg TRADICIONAL|7891021005043||CX|00|09012100||||17,00|1709600|
|0220|CX|10,000000|
|0220|DI|5,000000|
|0220|UN|1,000000|
|0200|11011|LYSOL AEROSOL PUREZA DO ALGODAO 210ML|7891035001994||CX|00|38089419||||17,00|1100700|
|0220|CX|12,000000|
|0220|DI|3,000000|
|0220|UN|1,000000|
|0200|11012|POMAROLA CHEF PASSATA RUSTICA VIDRO 680G|7896036099087||CX|00|20029000||||17,00|1704000|
|0220|CX|12,000000|
|0220|UN|1,000000|
|0200|11020|CLUB SOCIAL BACON PROVOLONE 141G|7622210568847||CX|00|19059020||||12,00|1705602|
|0220|CX|44,000000|
|0220|DI|6,000000|
|0220|UN|1,000000|
|0200|11021|CLUB SOCIAL CEBOLA E CREME SOUR 141G|7622210568816||CX|00|19059020||||12,00|1705602|
|0220|CX|44,000000|
|0220|DI|6,000000|
|0220|UN|1,000000|
|0200|11022|OREO BAUNILHA ECONOMICA 270G|7622210794765||CX|00|19053100||||12,00|1705300|
|0220|CX|16,000000|
|0220|DI|4,000000|
|0220|UN|1,000000|
|0200|11023|OLEO LIZA ALGODAO PET 900ML|7896036099254||CX|00|15152910||||17,00|1706901|
|0220|CX|20,000000|
|0220|UN|1,000000|
|0200|11024|FINN ADOC PO STEVIA SCH 30G|7898928577918||CX|00|21069090||||17,00||
|0220|CX|12,000000|
|0220|UN|1,000000|
|0200|11025|ZERO CAL ER 50% DESC NA SEG UN|7896094999381||CX|00|21069090||||17,00||
|0220|CX|6,000000|
|0220|UN|1,000000|
|0200|11028|SACO ASP GT 3000 PRO|7898045561944||CX|00|48054090||||17,00|1709600|
|0220|CX|24,000000|
|0220|UN|1,000000|
|0200|11029|SACO ASP ELECT A20 / WAP-20|7898045560053||CX|00|48054090||||17,00|1709600|
|0220|CX|24,000000|
|0220|UN|1,000000|
|0200|11030|SACO ASP ELECT A10 / Novo A-10|7898045561654||CX|00|48054090||||17,00|1709600|
|0220|CX|24,000000|
|0220|UN|1,000000|
|0200|11031|SACO ASP A-20 NOVO AQP20|7898045561661||CX|00|48054090||||17,00|1709600|
|0220|CX|24,000000|
|0220|UN|1,000000|
|0200|11032|SACO ASP SMART A10 / WAP-10 Antigo|7898045560046||CX|00|48054090||||17,00|1709600|
|0220|CX|24,000000|
|0220|UN|1,000000|
|0200|11033|SACO ASP FLEX S 1400W|7898045560978||CX|00|48054090||||17,00|1709600|
|0220|CX|24,000000|
|0220|UN|1,000000|
|0200|11034|SACO ASP HYDROLUX|7898045561920||CX|00|48054090||||17,00|1709600|
|0220|CX|24,000000|
|0220|UN|1,000000|
|0200|11036|CAFET CADENCE ITALIANA *127V* INOX|7898615988881||CX|00|85167100||||0,00|2104800|
|0220|CX|1,000000|
|0220|UN|1,000000|
|0200|11037|CAFET CADENCE ITALIANA *220V* INOX|7898615988898||CX|00|85167100||||0,00|2104800|
|0220|CX|1,000000|
|0220|UN|1,000000|
|0200|11038|SMART TV 55 LG OLED|||CX|00|85287200||||0,00|2107000|
|0220|CX|1,000000|
|0220|UN|1,000000|
|0200|11048|COOLER QUIOSQUE ANABELL|||CX|00|96170010||||17,50|2104800|
|0220|CX|1,000000|
|0220|UN|1,000000|
|0200|11049|BIOTONICO FONT MULTI A-Z CHOC 300G|7896094999343||CX|00|18069000||||17,00|1700400|
|0220|CX|6,000000|
|0220|UN|1,000000|
|0200|11050|BIOTONICO FONT MULTI A-Z BAUN 300G|7896094999350||CX|00|18069000||||17,00||
|0220|CX|6,000000|
|0220|UN|1,000000|
|0200|11051|TRIDENT MAX HORTELA 16,5G|7622210563538||CX|00|21069050||||17,00||
|0220|CX|336,000000|
|0220|DI|14,000000|
|0220|UN|1,000000|
|0200|11052|TRIDENT MAX MENTABERRY 16,5G|7622210563477||CX|00|21069050||||17,00||
|0220|CX|336,000000|
|0220|DI|14,000000|
|0220|UN|1,000000|
|0200|11054|CAFE MELITTA SOLUVEL SACHE 4Og|7896348300895||CX|00|21011110||||17,00|1710700|
|0220|CX|24,000000|
|0220|DI|6,000000|
|0220|UN|1,000000|
|0200|11055|SOLUVEL SACHE E.FORTE PO 4Og|7896348300901||CX|00|21011110||||17,00|1710700|
|0220|CX|24,000000|
|0220|DI|6,000000|
|0220|UN|1,000000|
|0200|11056|SOLUVEL SAC. DESCAFEINADO 4Og|7896348300918||CX|00|21011110||||17,00|1710700|
|0220|CX|24,000000|
|0220|DI|6,000000|
|0220|UN|1,000000|
|0200|11057|VASSOURA NOVICA FACIL SEM CABO|7896001011687||CX|00|96039000||||17,00|2802800|
|0220|CX|12,000000|
|0220|UN|1,000000|
|0200|11063|BUBBALOO BALA MORANGO 15G|7622210561947||CX|00|17049020||||17,00||
|0220|CX|144,000000|
|0220|DI|12,000000|
|0220|UN|1,000000|
|0200|11064|BUBBALOO BALA TUTTI FRUTTI 15G|7622210561961||CX|00|17049020||||17,00||
|0220|CX|144,000000|
|0220|DI|12,000000|
|0220|UN|1,000000|
|0200|11065|BUBBALOO BALA MIX 15G|7622210561800||CX|00|17049020||||17,00||
|0220|CX|144,000000|
|0220|DI|12,000000|
|0220|UN|1,000000|
|0200|11066|BUBBALOO BALA MORANGO 75G|7622210561886||CX|00|17049020||||17,00||
|0220|CX|14,000000|
|0220|UN|1,000000|
|0200|11067|BUBBALOO BALA TUTTI-FRUTTI 75G|7622210561985||CX|00|17049020||||17,00||
|0220|CX|14,000000|
|0220|UN|1,000000|
|0200|11068|BUBBALOO BALA MIX 75G|7622210561848||CX|00|17049020||||17,00||
|0220|CX|14,000000|
|0220|UN|1,000000|
|0200|11069|BUBBALOO BALA AZEDINHA MORANGO 82,5G|7622210561909||CX|00|17049020||||17,00||
|0220|CX|14,000000|
|0220|UN|1,000000|
|0200|11071|LACTA OREO RECHEADO 90G|7622210567567||CX|00|18063110||||17,00|1700200|
|0220|CX|68,000000|
|0220|DI|17,000000|
|0220|UN|1,000000|
|0200|11072|MINI OVO RECHEADO DIAMANTE NEGRO 54G|7622201684440||CX|00|18069000||||17,00|1700400|
|0220|CX|48,000000|
|0220|DI|12,000000|
|0220|UN|1,000000|
|0200|11073|MINI OVO RECHEADO OREO 54G|7622201684525||CX|00|18069000||||17,00|1700400|
|0220|CX|48,000000|
|0220|DI|12,000000|
|0220|UN|1,000000|
|0200|11077|CAFET CADENCE DESPERTA *127V* 18 CAFES|7898700214987||CX|00|85167100||||0,00|2104800|
|0220|CX|1,000000|
|0220|UN|1,000000|
|0200|11079|BOM AR AER CHEIR TALCO 432ML|7891035537936||CX|00|33074900||||25,00||
|0220|CX|12,000000|
|0220|DI|3,000000|
|0220|UN|1,000000|
|0200|11080|BOM AR AER LAVANDA 432ML|7891035537943||CX|00|33074900||||25,00||
|0220|CX|12,000000|
|0220|DI|3,000000|
|0220|UN|1,000000|
|0200|11099|EXTR ELEFANTE *SO TOMATE* POTE 310G|7896036099247||CX|00|20029000||||17,00|1704000|
|0220|CX|24,000000|
|0220|DI|12,000000|
|0220|UN|1,000000|
|0200|11102|TARANTELLA TRADICIONAL SACHE 300G|7896036099544||CX|00|21032010||||17,00|1704100|
|0220|CX|24,000000|
|0220|DI|6,000000|
|0220|UN|1,000000|
|0200|11103|TARANTELLA PIZZA SACHE 300G|7896036099490||CX|00|21032010||||17,00|1704100|
|0220|CX|24,000000|
|0220|DI|6,000000|
|0220|UN|1,000000|
|0200|11104|TARANTELLA ERVAS FINAS SACHE 300G|7896036099506||CX|00|21032010||||17,00|1704100|
|0220|CX|24,000000|
|0220|DI|6,000000|
|0220|UN|1,000000|
|0200|11105|TARANTELLA HOT DOG SACHE 300G|7896036099513||CX|00|21032010||||17,00|1704100|
|0220|CX|24,000000|
|0220|DI|6,000000|
|0220|UN|1,000000|
|0200|11106|TARANTELLA BOLONHESA SACHE 300G|7896036099520||CX|00|21032010||||17,00|1704100|
|0220|CX|24,000000|
|0220|DI|6,000000|
|0220|UN|1,000000|
|0200|11107|TARANTELLA MANJERICAO SACHE 300G|7896036099537||CX|00|21032010||||17,00|1704100|
|0220|CX|24,000000|
|0220|DI|6,000000|
|0220|UN|1,000000|
|0200|11108|OLEO PURILEV COCO COM SABOR VD 200ML|7896036099377||CX|00|15131900||||17,00|1707500|
|0220|CX|12,000000|
|0220|UN|1,000000|
|0200|11109|OLEO PURILEV COCO SEM SABOR VD 200ML|7896036099384||CX|00|15131900||||17,00|1707500|
|0220|CX|12,000000|
|0220|UN|1,000000|
|0200|11111|KETCHUP ELEFANTE 390G|7896036099551||CX|00|21032010||||17,00|1703400|
|0220|CX|24,000000|
|0220|DI|6,000000|
|0220|UN|1,000000|
|0200|11112|MOSTARDA ELEFANTE 180G|7896036099568||CX|00|21033021||||17,00|1703800|
|0220|CX|24,000000|
|0220|DI|6,000000|
|0220|UN|1,000000|
|0200|11117|FINN ADOC PO SUCRA LV100PG75 60G|7898928577925||CX|00|21069090||||17,00||
|0220|CX|12,000000|
|0220|UN|1,000000|
|0200|11118|HARPIC PEDRA SANIT LAV 2 UN 50% DESC 2 UN|7891035002359||CX|00|34025000||||17,00|1100700|
|0220|CX|36,000000|
|0220|DI|12,000000|
|0220|UN|1,000000|
|0200|11119|ABS INTIMUS C/8 ANTIBAC C/ABAS|7896007552122||CX|00|96190000||||0,00|2005000|
|0220|CX|60,000000|
|0220|DI|6,000000|
|0220|UN|1,000000|
|0200|11122|CAFET CADENCE DESPERTA *220V* 18 CAFES|7898700214994||CX|00|85167100||||0,00|2104800|
|0220|CX|1,000000|
|0220|UN|1,000000|
|0200|11127|CEPACOL ANTISSEPT. BUCAL ORIGINAL 250ML|7891058011437||CX|00|33069000||||0,00|2002500|
|0220|CX|24,000000|
|0220|UN|1,000000|
|0200|11128|CEPACOL ANTISSEPT. BUCAL FLUOR 250ML|7891058011406||CX|00|33069000||||0,00|2002500|
|0220|CX|24,000000|
|0220|UN|1,000000|
|0200|11129|CEPACOL A. BUCAL ORIGINAL LV 500ML PG 350ML|7891058016050||CX|00|33069000||||0,00|2002500|
|0220|CX|12,000000|
|0220|UN|1,000000|
|0200|11130|CEPACOL A BUCAL FLUOR LV 500ML PG 350ML|7891058016067||CX|00|33069000||||0,00|2002500|
|0220|CX|12,000000|
|0220|UN|1,000000|
|0200|11132|CEPACOL ANTISSEPT. BUCAL TUTTI-FRUTTI 250ML|7891058011369||CX|00|33069000||||0,00|2002500|
|0220|CX|24,000000|
|0220|UN|1,000000|
|0200|11133|CEPACOL A BUCAL MENTA LV 500ML PG 350ML|7891058016043||CX|00|33069000||||0,00|2002500|
|0220|CX|12,000000|
|0220|UN|1,000000|
|0200|11135|LACTA INTENSE 40% CACAU AVELA E CROCANTE 85G|7622210570536||CX|00|18063210||||17,00|1700300|
|0220|CX|68,000000|
|0220|DI|17,000000|
|0220|UN|1,000000|
|0200|11136|LACTA INTENSE 40% CACAU AMENDOA FRAMBOESA 85G|7622210570598||CX|00|18063210||||17,00|1700300|
|0220|CX|68,000000|
|0220|DI|17,000000|
|0220|UN|1,000000|
|0200|11137|LACTA INTENSE 40 % CAC AMENDOA E CARAMELO 85G|7622210570567||CX|00|18063210||||17,00|1700300|
|0220|CX|68,000000|
|0220|DI|17,000000|
|0220|UN|1,000000|
|0200|11140|STICK OURO BRANCO 25G|7622210570116||CX|00|19053200||||12,00|1705800|
|0220|CX|180,000000|
|0220|DI|15,000000|
|0220|UN|1,000000|
|0200|11141|STICK SONHO VALSA 25G|7622210570086||CX|00|19053200||||12,00|1705800|
|0220|CX|180,000000|
|0220|DI|15,000000|
|0220|UN|1,000000|
|0200|11151|FRESH ABACAXI 15G|7622210570031||CX|00|21069010||||17,00|0301200|
|0220|CX|150,000000|
|0220|DI|15,000000|
|0220|UN|1,000000|
|0200|11152|FRESH GUARANA 15G|7622210569882||CX|00|21069010||||17,00|0301200|
|0220|CX|150,000000|
|0220|DI|15,000000|
|0220|UN|1,000000|
|0200|11153|FRESH LARANJA 15G|7622210569790||CX|00|21069010||||17,00|0301200|
|0220|CX|150,000000|
|0220|DI|15,000000|
|0220|UN|1,000000|
|0200|11154|FRESH LIMAO 15G|7622210569974||CX|00|21069010||||17,00|0301200|
|0220|CX|150,000000|
|0220|DI|15,000000|
|0220|UN|1,000000|
|0200|11155|FRESH MANGA 15G|7622210570000||CX|00|21069010||||17,00|0301200|
|0220|CX|150,000000|
|0220|DI|15,000000|
|0220|UN|1,000000|
|0200|11156|FRESH MARACUJA 15G|7622210569851||CX|00|21069010||||17,00|0301200|
|0220|CX|150,000000|
|0220|DI|15,000000|
|0220|UN|1,000000|
|0200|11157|FRESH MORANGO 15G|7622210569820||CX|00|21069010||||17,00|0301200|
|0220|CX|150,000000|
|0220|DI|15,000000|
|0220|UN|1,000000|
|0200|11158|FRESH UVA 15G|7622210569943||CX|00|21069010||||17,00|0301200|
|0220|CX|150,000000|
|0220|DI|15,000000|
|0220|UN|1,000000|
|0200|11159|FRALDA HUGGIES S.CARE XXG 26F MEGA|7896007548439||CX|00|96190000||||0,00|2004800|
|0220|CX|6,000000|
|0220|UN|1,000000|
|0200|11160|FRALDA HUGGIES S.CARE P 48F MEGA|7896007548514||CX|00|96190000||||0,00|2004800|
|0220|CX|6,000000|
|0220|UN|1,000000|
|0200|11161|POMAROLA TRADICIONAL SACHE 300G|7896036099988||CX|00|21032010||||17,00|1704100|
|0220|CX|24,000000|
|0220|DI|6,000000|
|0220|UN|1,000000|
|0200|11164|CAFETEIRA ELECTROLUX 220V *30 CAFEZINHOS*|7896347181754||CX|00|85167100||||0,00|2104800|
|0220|CX|1,000000|
|0220|UN|1,000000|
|0200|11165|FRALDA HUGGIES T.PROT P 18FR JUMBINHO|7896007552405||CX|00|96190000||||0,00|2004800|
|0220|CX|12,000000|
|0220|UN|1,000000|
|0200|11166|FRALDA HUGGIES T.PROT M 16FR JUMBINHO|7896007552412||CX|00|96190000||||0,00|2004800|
|0220|CX|12,000000|
|0220|UN|1,000000|
|0200|11167|FRALDA HUGGIES T. PROT G 14 FR JUMBINHO|7896007552429||CX|00|96190000||||0,00|2004800|
|0220|CX|12,000000|
|0220|UN|1,000000|
|0200|11168|FRALDA HUGGIES T. PROT XG 12 FR JUMBINHO|7896007552436||CX|00|96190000||||0,00|2004800|
|0220|CX|12,000000|
|0220|UN|1,000000|
|0200|11173|PAP HIG NEVE 20M NEUTRO 4 ROLOS|7896018704121||CX|00|48181000||||0,00|2004300|
|0220|CX|12,000000|
|0220|UN|1,000000|
|0200|11174|PAP HIG NEVE 20M NEUTRO 12 ROLOS|7896018704732||CX|00|48181000||||0,00|2004300|
|0220|CX|5,000000|
|0220|UN|1,000000|
|0200|11178|TANG LARANJA (A D ZINCO) 18G|7622210571601||CX|00|21069010||||17,00|0301200|
|0220|CX|180,000000|
|0220|DI|18,000000|
|0220|UN|1,000000|
|0200|11179|TANG ABACAXI (A D ZINCO) 18G|7622210571755||CX|00|21069010||||17,00|0301200|
|0220|CX|180,000000|
|0220|DI|18,000000|
|0220|UN|1,000000|
|0200|11180|TANG MARACUJA (A D ZINCO) 18G|7622210571694||CX|00|21069010||||17,00|0301200|
|0220|CX|180,000000|
|0220|DI|18,000000|
|0220|UN|1,000000|
|0200|11181|TANG LIMAO (A D ZINCO) 18G|7622210571540||CX|00|21069010||||17,00|0301200|
|0220|CX|180,000000|
|0220|DI|18,000000|
|0220|UN|1,000000|
|0200|11182|TANG MORANGO (A D ZINCO) 18G|7622210571724||CX|00|21069010||||17,00|0301200|
|0220|CX|180,000000|
|0220|DI|18,000000|
|0220|UN|1,000000|
|0200|11183|TANG LARANJA MAMAO (AD ZINCO)18G|7622210571847||CX|00|21069010||||17,00|0301200|
|0220|CX|180,000000|
|0220|DI|18,000000|
|0220|UN|1,000000|
|0200|11184|TANG MANGA (A D ZINCO) 18G|7622210571526||CX|00|21069010||||17,00|0301200|
|0220|CX|180,000000|
|0220|DI|18,000000|
|0220|UN|1,000000|
|0200|11185|TANG GOIABA (A D ZINCO) 18G|7622210571496||CX|00|21069010||||17,00|0301200|
|0220|CX|180,000000|
|0220|DI|18,000000|
|0220|UN|1,000000|
|0200|11186|TANG LARANJA DOCINHA (A D ZINCO) 18G|7622210571571||CX|00|21069010||||17,00|0301200|
|0220|CX|180,000000|
|0220|DI|18,000000|
|0220|UN|1,000000|
|0200|11187|TANG UVA INTENSA (A D ZINCO) 18G|7622210571663||CX|00|21069010||||17,00|0301200|
|0220|CX|180,000000|
|0220|DI|18,000000|
|0220|UN|1,000000|
|0200|11188|TANG TANGERINA (A D ZINCO) 18G|7622210571632||CX|00|21069010||||17,00|0301200|
|0220|CX|180,000000|
|0220|DI|18,000000|
|0220|UN|1,000000|
|0200|11189|TANG GUARANA (A D ZINCO) 18G|7622210571816||CX|00|21069010||||17,00|0301200|
|0220|CX|180,000000|
|0220|DI|18,000000|
|0220|UN|1,000000|
|0200|11190|TANG UVA (A D ZINCO) 18G|7622210571786||CX|00|21069010||||17,00|0301200|
|0220|CX|180,000000|
|0220|DI|18,000000|
|0220|UN|1,000000|
|0200|11191|TANG ABACAXI (A D ZINCO) L10 P8 18G|7622210571991||CX|00|21069010||||17,00|0301200|
|0220|CX|100,000000|
|0220|DI|10,000000|
|0220|UN|1,000000|
|0200|11192|TANG UVA (A D ZINCO) L10 P8 18G|7622210571960||CX|00|21069010||||17,00|0301200|
|0220|CX|100,000000|
|0220|DI|10,000000|
|0220|UN|1,000000|
|0200|11193|TANG LARANJA (A D ZINCO) L10 P8 18G|7622210572028||CX|00|21069010||||17,00|0301200|
|0220|CX|100,000000|
|0220|DI|10,000000|
|0220|UN|1,000000|
|0200|11194|PA LIXO PLASTICA (PROMO / BETTANIN)|7896001041455||CX|00|39249000||||17,00||
|0220|CX|12,000000|
|0220|UN|1,000000|
|0200|11195|VANISH OXI ACTION ROSA PO REFIL 240G|7891035001451||CX|00|34025000||||17,00|1100700|
|0220|CX|24,000000|
|0220|DI|6,000000|
|0220|UN|1,000000|
|0200|11196|VANISH OXI ACTION CRYSTAL WHITE PO REF 240G|7891035001468||CX|00|34025000||||17,00|1100700|
|0220|CX|24,000000|
|0220|DI|6,000000|
|0220|UN|1,000000|
|0200|11207|SBP ULTRA BARREIRA ATIVA INS.RASTEIROS 360ML|7891035002083||CX|00|38089119||||17,00||
|0220|CX|12,000000|
|0220|UN|1,000000|
|0200|11208|SBP ANTI AEDES SEM CHEIRO 360ML|7891035002458||CX|00|38089119||||17,00||
|0220|CX|24,000000|
|0220|UN|1,000000|
|0200|11209|FINN XILITOL PO POTE 250G|7898928577956||CX|00|21069090||||17,00||
|0220|CX|6,000000|
|0220|UN|1,000000|
|0200|11210|FRALDA HUGGIES T.PROT G 78F HIPER|7896007549269||CX|00|96190000||||0,00|2004800|
|0220|CX|3,000000|
|0220|UN|1,000000|
|0200|11211|SPRESSO GRAO MELITTA 500g|7896348300970||CX|00|09012100||||17,00|1709602|
|0220|CX|10,000000|
|0220|UN|1,000000|
|0200|11218|FRALDA HUGGIES T.PROT XG 66F HIPER|7896007549276||CX|00|96190000||||0,00|2004800|
|0220|CX|3,000000|
|0220|UN|1,000000|
|0200|11219|FRALDA HUGGIES T.PROT XXG 66F HIPER|7896007551293||CX|00|96190000||||0,00|2004800|
|0220|CX|3,000000|
|0220|UN|1,000000|
|0200|11220|FRALDA HUGGIES T.PROT M 92F HIPER|7896007549252||CX|00|96190000||||0,00|2004800|
|0220|CX|3,000000|
|0220|UN|1,000000|
|0200|11222|VEJA BANH. X-14 TIRA LIMO CLORO AT SACHE 400ML|7891035001505||CX|00|34025000||||17,00|1100700|
|0220|CX|12,000000|
|0220|DI|6,000000|
|0220|UN|1,000000|
|0200|11223|PANO MULTIUSO ALMOF ESFREBOM ANTIVIRAL|7896001004610||CX|00|56031250||||17,00||
|0220|CX|25,000000|
|0220|UN|1,000000|
|0200|11224|CAFETEIRA CADENCE URBAN *127V* 30 CAFES|7898615985613||CX|00|85167100||||0,00|2104800|
|0220|CX|1,000000|
|0220|UN|1,000000|
|0200|11228|FINISH KIT 2 POWER TABS + 1 ABRILHANTADOR|7891035024337||CX|00|34025000||||17,00|1100400|
|0220|CX|3,000000|
|0220|UN|1,000000|
|0200|11229|PANOS SCOTT DURAMAX ANTIBAC ROLO 48 FLS|7702425810969||CX|00|48189090||||17,00|2004700|
|0220|CX|12,000000|
|0220|UN|1,000000|
|0200|11230|TOALHA UMEDECIDA HUGGIES TRIPLA PROT. 32 UN|7896018704824||CX|00|34011190||||0,00|2003401|
|0220|CX|36,000000|
|0220|UN|1,000000|
|0200|11232|TRAKINAS TUTTI FRUTTI 126G|7622210573919||CX|00|19053100||||12,00|1705300|
|0220|CX|54,000000|
|0220|DI|9,000000|
|0220|UN|1,000000|
|0200|11241|MAIONESE LIZA TRADIC SACHE 400G|7896036099285||CX|00|21039011||||17,00|1703900|
|0220|CX|12,000000|
|0220|DI|6,000000|
|0220|UN|1,000000|
|0200|11243|EXTRATO ELEFANTE LATA 345G|7896036099810||CX|00|20029000||||17,00|1704000|
|0220|CX|24,000000|
|0220|DI|12,000000|
|0220|UN|1,000000|
|0200|11244|CAFETEIRA NESPRESSO ESSENZA MINI VERM 220V|||CX|00|85167100||||17,00|2104800|
|0220|CX|1,000000|
|0220|UN|1,000000|
|0200|11245|DIAMANTE NEGRO 34G|7622210573322||CX|00|18063210||||17,00|1700300|
|0220|CX|144,000000|
|0220|DI|12,000000|
|0220|UN|1,000000|
|0200|11246|LAKA 34G|7622210573353||CX|00|18063210||||17,00|1700100|
|0220|CX|144,000000|
|0220|DI|12,000000|
|0220|UN|1,000000|
|0200|11247|LACTA AO LEITE 34G|7622210573384||CX|00|18063210||||17,00|1700300|
|0220|CX|144,000000|
|0220|DI|12,000000|
|0220|UN|1,000000|
|0200|11251|MORTEIN PRO ACAO TOTAL 360ML|7891035002434||CX|00|38089119||||17,00||
|0220|CX|12,000000|
|0220|DI|6,000000|
|0220|UN|1,000000|
|0200|11252|MORTEIN PRO MATA BARATAS 360ML|7891035002427||CX|00|38089119||||17,00||
|0220|CX|12,000000|
|0220|DI|6,000000|
|0220|UN|1,000000|
|0200|11254|MORTEIN PRO PODER DETEFON EUCALIPTO 360ML|7891035002410||CX|00|38089119||||17,00||
|0220|CX|12,000000|
|0220|DI|6,000000|
|0220|UN|1,000000|
|0200|11255|TRIDENT SIN 14S BLUEBERRY 25,2G|7622210573483||CX|00|21069050||||17,00||
|0220|CX|144,000000|
|0220|DI|12,000000|
|0220|UN|1,000000|
|0200|11258|TRIDENT GARR SENSES PEPPERMINT 54G|7622210573261||CX|00|21069050||||17,00||
|0220|CX|36,000000|
|0220|DI|6,000000|
|0220|UN|1,000000|
|0200|11282|VANISH ROSA 1,2L+VANISH WHITE 1,2L REFIL|7891035001147||CX|00|34025000||||17,00|1100700|
|0220|CX|3,000000|
|0220|UN|1,000000|
|0400|0000000100|COMPRA|
|0400|0000001202|DEVOLUCAO DE CLIENTE|
|0400|0000006973|ESTORNO NF-E NAO CANCELADA NO PRAZO LEGAL|
|0450|DETVAL|DETALHAMENTO DE VALORES|
|0450|IC31|Icms Difer. Conf.Decr 55.797 de 17/03/21|
|0450|IC2|Icms Difer. Conf.Decr 44.638/06, Item 31|
|0450|NFR1|Nota Fiscal Referenciada|
|0460|28|Entrada Ref. Cancel. Vendas Fora Prazo|
|0460|26|ESTORNO DO RESSARCIMENTO DO ICMS-ST|
|0990|3556|
|B001|1|
|B990|2|
|C001|0|
|C100|0|1|7232|55|00|000|559420|43220989724447000117550000005594201472777722|30092022|31102022|65904,82|1|0,00|0,00|65904,82|0|0,00|0,00|0,00|0,00|0,00|0,00|0,00|0,00|990,14|4560,64|0,00|0,00|
|C170|1|170||75960,00000|UN|65904,82|0,00|0|060|1403|0000000100|0,00|0,00|0,00|0,00|0,00|0,00||||0,00|0,00|0,00|50|60008,40|1,6500|0,000||990,14|50|60008,40|7,6000|0,000||4560,64|513||
|C190|060|1403|0,00|65904,82|0,00|0,00|0,00|0,00|0,00|0,00||
|C100|0|1|7232|55|00|000|559356|43220989724447000117550000005593561425533470|30092022|31102022|29653,02|1|0,00|0,00|29653,02|0|0,00|0,00|0,00|0,00|0,00|0,00|0,00|0,00|445,50|2052,00|0,00|0,00|
|C170|1|199||12000,00000|UN|14101,66|0,00|0|560|1403|0000000100|0,00|0,00|0,00|0,00|0,00|0,00||||0,00|0,00|0,00|50|12840,00|1,6500|0,000||211,86|50|12840,00|7,6000|0,000||975,84|513||
|C170|2|494||12000,00000|UN|15551,36|0,00|0|060|1403|0000000100|0,00|0,00|0,00|0,00|0,00|0,00||||0,00|0,00|0,00|50|14160,00|1,6500|0,000||233,64|50|14160,00|7,6000|0,000||1076,16|513||
|C190|060|1403|0,00|15551,36|0,00|0,00|0,00|0,00|0,00|0,00||
|C190|560|1403|0,00|14101,66|0,00|0,00|0,00|0,00|0,00|0,00||
|C100|0|1|59952|55|00|001|86855|43221002290277002680550010000868551138254315|27102022|31102022|201617,51|1|0,00|0,00|201617,51|0|0,00|0,00|0,00|11076,60|1329,23|0,00|0,00|0,00|2525,51|11632,63|0,00|0,00|
|C110|DETVAL|Vl. ICMS ST: R$ 29.223,02 Vl. FCP ST: R$ 310,78|
|C170|1|6875||17,00000|CX|1796,36|0,00|0|570|1403|0000000100|0,00|0,00|0,00|0,00|0,00|0,00||||0,00|0,00|0,00|50|1599,87|1,6500|0,000||26,40|50|1599,87|7,6000|0,000||121,59|513||
|C170|2|9378||20,00000|CX|2307,38|0,00|0|570|1403|0000000100|0,00|0,00|0,00|0,00|0,00|0,00||||0,00|0,00|0,00|50|2055,00|1,6500|0,000||33,91|50|2055,00|7,6000|0,000||156,18|513||
|C170|3|9800||24,00000|CX|3785,41|0,00|0|570|1403|0000000100|0,00|0,00|0,00|0,00|0,00|0,00||||0,00|0,00|0,00|50|3197,52|1,6500|0,000||52,76|50|3197,52|7,6000|0,000||243,01|513||
|C170|4|9804||40,00000|CX|6309,02|0,00|0|570|1403|0000000100|0,00|0,00|0,00|0,00|0,00|0,00||||0,00|0,00|0,00|50|5329,20|1,6500|0,000||87,93|50|5329,20|7,6000|0,000||405,02|513||
|C170|5|9813||24,00000|CX|8217,81|0,00|0|570|1403|0000000100|0,00|0,00|0,00|0,00|0,00|0,00||||0,00|0,00|0,00|50|6920,88|1,6500|0,000||114,19|50|6920,88|7,6000|0,000||525,99|513||
|C170|6|9815||105,00000|CX|19834,77|0,00|0|570|1403|0000000100|0,00|0,00|0,00|0,00|0,00|0,00||||0,00|0,00|0,00|50|16704,45|1,6500|0,000||275,62|50|16704,45|7,6000|0,000||1269,54|513||
|C170|7|9818||105,00000|CX|19834,77|0,00|0|570|1403|0000000100|0,00|0,00|0,00|0,00|0,00|0,00||||0,00|0,00|0,00|50|16704,45|1,6500|0,000||275,62|50|16704,45|7,6000|0,000||1269,54|513||
|C170|8|9819||70,00000|CX|15110,78|0,00|0|570|1403|0000000100|0,00|0,00|0,00|0,00|0,00|0,00||||0,00|0,00|0,00|50|12726,00|1,6500|0,000||209,98|50|12726,00|7,6000|0,000||967,18|513||
|C170|9|9820||70,00000|CX|15110,78|0,00|0|570|1403|0000000100|0,00|0,00|0,00|0,00|0,00|0,00||||0,00|0,00|0,00|50|12726,00|1,6500|0,000||209,98|50|12726,00|7,6000|0,000||967,18|513||
|C170|10|9821||105,00000|CX|22666,16|0,00|0|570|1403|0000000100|0,00|0,00|0,00|0,00|0,00|0,00||||0,00|0,00|0,00|50|19089,00|1,6500|0,000||314,97|50|19089,00|7,6000|0,000||1450,76|513||
|C170|11|9823||35,00000|CX|7555,39|0,00|0|570|1403|0000000100|0,00|0,00|0,00|0,00|0,00|0,00||||0,00|0,00|0,00|50|6363,00|1,6500|0,000||104,99|50|6363,00|7,6000|0,000||483,59|513||
|C170|12|9826||32,00000|CX|4177,83|0,00|0|070|1403|0000000100|0,00|0,00|0,00|0,00|0,00|0,00||||0,00|0,00|0,00|73|3029,05|0,0000|0,000||0,00|73|3029,05|0,0000|0,000||0,00|513||
|C170|13|9844||33,00000|CX|3877,76|0,00|0|070|1403|0000000100|0,00|0,00|0,00|0,00|0,00|0,00||||0,00|0,00|0,00|73|2881,95|0,0000|0,000||0,00|73|2881,95|0,0000|0,000||0,00|513||
|C170|14|9846||33,00000|CX|3877,76|0,00|0|070|1403|0000000100|0,00|0,00|0,00|0,00|0,00|0,00||||0,00|0,00|0,00|73|2881,95|0,0000|0,000||0,00|73|2881,95|0,0000|0,000||0,00|513||
|C170|15|9920||60,00000|CX|11436,59|0,00|0|251|1102|0000000100|11076,60|17,00|1329,23|0,00|0,00|0,00||||0,00|0,00|0,00|50|11436,59|1,6500|0,000||188,70|50|11436,59|7,6000|0,000||869,18|513||
|C170|16|9945||40,00000|CX|8654,67|0,00|0|570|1403|0000000100|0,00|0,00|0,00|0,00|0,00|0,00||||0,00|0,00|0,00|50|7288,80|1,6500|0,000||120,27|50|7288,80|7,6000|0,000||553,95|513||
|C170|17|9948||18,00000|CX|2989,24|0,00|0|570|1403|0000000100|0,00|0,00|0,00|0,00|0,00|0,00||||0,00|0,00|0,00|50|2517,48|1,6500|0,000||41,54|50|2517,48|7,6000|0,000||191,33|513||
|C170|18|9949||18,00000|CX|2989,24|0,00|0|570|1403|0000000100|0,00|0,00|0,00|0,00|0,00|0,00||||0,00|0,00|0,00|50|2517,48|1,6500|0,000||41,54|50|2517,48|7,6000|0,000||191,33|513||
|C170|19|9970||10,00000|CX|2569,33|0,00|0|070|1403|0000000100|0,00|0,00|0,00|0,00|0,00|0,00||||0,00|0,00|0,00|73|2223,59|0,0000|0,000||0,00|73|2223,59|0,0000|0,000||0,00|513||
|C170|20|10018||45,00000|CX|9251,32|0,00|0|070|1403|0000000100|0,00|0,00|0,00|0,00|0,00|0,00||||0,00|0,00|0,00|73|8006,42|0,0000|0,000||0,00|73|8006,42|0,0000|0,000||0,00|513||
|C170|21|10099||5,00000|CX|497,80|0,00|0|070|1403|0000000100|0,00|0,00|0,00|0,00|0,00|0,00||||0,00|0,00|0,00|50|443,35|1,6500|0,000||7,32|50|443,35|7,6000|0,000||33,69|513||
|C170|22|10295||12,00000|CX|3698,11|0,00|0|070|1403|0000000100|0,00|0,00|0,00|0,00|0,00|0,00||||0,00|0,00|0,00|50|3114,48|1,6500|0,000||51,39|50|3114,48|7,6000|0,000||236,70|513||
|C170|23|10460||140,00000|CX|25069,23|0,00|0|570|1403|0000000100|0,00|0,00|0,00|0,00|0,00|0,00||||0,00|0,00|0,00|50|22327,20|1,6500|0,000||368,40|50|22327,20|7,6000|0,000||1696,87|513||
|C190|070|1403|0,00|27949,91|0,00|0,00|0,00|0,00|22258,78|0,00||
|C191|0,00|310,78|0,00|
|C190|251|1102|17,00|11436,59|11076,60|1329,23|0,00|0,00|0,00|0,00||
|C190|570|1403|0,00|162231,01|0,00|0,00|0,00|0,00|138066,33|0,00||
|C100|0|1|59952|55|00|001|86856|43221002290277002680550010000868561138254320|27102022|31102022|53290,84|1|0,00|0,00|53290,84|0|0,00|0,00|0,00|0,00|0,00|0,00|0,00|0,00|0,00|0,00|0,00|0,00|
|C170|1|11173||1087,00000|CX|53290,84|0,00|0|070|1403|0000000100|0,00|0,00|0,00|0,00|0,00|0,00||||0,00|0,00|0,00|73|46556,21|0,0000|0,000||0,00|73|46556,21|0,0000|0,000||0,00|513||
|C190|070|1403|0,00|53290,84|0,00|0,00|0,00|0,00|46556,21|0,00||
|C100|0|1|59952|55|00|001|86857|43221002290277002680550010000868571138254336|27102022|31102022|1557,86|1|0,00|0,00|1557,86|0|0,00|0,00|0,00|0,00|0,00|0,00|0,00|0,00|21,65|99,71|0,00|0,00|
|C170|1|9939||10,00000|CX|1557,86|0,00|0|570|1403|0000000100|0,00|0,00|0,00|0,00|0,00|0,00||||0,00|0,00|0,00|50|1312,00|1,6500|0,000||21,65|50|1312,00|7,6000|0,000||99,71|513||
|C190|570|1403|0,00|1557,86|0,00|0,00|0,00|0,00|1312,00|0,00||
|C100|0|0|89729|55|00|002|2572426|43221093112282000108550020025724261696452981|31102022|31102022|163,61|2|6,82|0,00|170,43|0|0,00|0,00|0,00|5,83|0,70|0,00|0,00|0,00|2,70|12,42|0,00|0,00|
|C170|1|5975||1,00000|UN|6,07|0,24|0|551|1949|0000006973|5,83|17,00|0,70|0,00|0,00|0,00||||0,00|0,00|0,00|50|5,13|1,6500|0,000||0,08|50|5,13|7,6000|0,000||0,39|416||
|C170|2|9800||1,00000|DI|53,77|2,15|0|060|1949|0000006973|0,00|0,00|0,00|0,00|0,00|0,00||||0,00|0,00|0,00|50|51,62|1,6500|0,000||0,85|50|51,62|7,6000|0,000||3,92|416||
|C170|3|9804||1,00000|DI|53,77|2,15|0|060|1949|0000006973|0,00|0,00|0,00|0,00|0,00|0,00||||0,00|0,00|0,00|50|51,62|1,6500|0,000||0,85|50|51,62|7,6000|0,000||3,92|416||
|C170|4|9821||1,00000|DI|28,41|1,14|0|060|1949|0000006973|0,00|0,00|0,00|0,00|0,00|0,00||||0,00|0,00|0,00|50|27,27|1,6500|0,000||0,45|50|27,27|7,6000|0,000||2,07|416||
|C170|5|9823||1,00000|DI|28,41|1,14|0|060|1949|0000006973|0,00|0,00|0,00|0,00|0,00|0,00||||0,00|0,00|0,00|50|27,27|1,6500|0,000||0,45|50|27,27|7,6000|0,000||2,07|416||
|C190|060|1949|0,00|157,78|0,00|0,00|0,00|0,00|0,00|0,00|28|
|C190|551|1949|17,00|5,83|5,83|0,70|0,00|0,00|0,00|0,00|28|
|C100|0|0|80496|55|00|002|2572427|43221093112282000108550020025724271387115090|31102022|31102022|867,42|2|10,03|0,00|877,45|0|0,00|0,00|0,00|691,08|89,09|0,00|0,00|0,00|13,01|59,85|0,00|0,00|
|C110|IC31||
|C170|1|5384||1,00000|DI|34,44|0,00|0|051|1949|0000006973|34,44|17,00|4,13|0,00|0,00|0,00||||0,00|0,00|0,00|50|30,31|1,6500|0,000||0,50|50|30,31|7,6000|0,000||2,30|416||
|C170|2|5683||2,00000|DI|37,19|0,00|0|051|1949|0000006973|37,19|17,00|4,46|0,00|0,00|0,00||||0,00|0,00|0,00|50|32,73|1,6500|0,000||0,54|50|32,73|7,6000|0,000||2,49|416||
|C170|3|5685||2,00000|DI|37,19|0,00|0|051|1949|0000006973|37,19|17,00|4,46|0,00|0,00|0,00||||0,00|0,00|0,00|50|32,73|1,6500|0,000||0,54|50|32,73|7,6000|0,000||2,49|416||
|C170|4|7812||2,00000|DI|80,23|0,00|0|251|1949|0000006973|80,23|17,00|9,63|0,00|0,00|0,00||||0,00|0,00|0,00|73|70,60|0,0000|0,000||0,00|73|70,60|0,0000|0,000||0,00|416||
|C170|5|9503||1,00000|CX|299,79|0,00|0|020|1949|0000006973|123,45|17,00|20,99|0,00|0,00|0,00||||0,00|0,00|0,00|50|278,80|1,6500|0,000||4,60|50|278,80|7,6000|0,000||21,19|416||
|C170|6|9539||2,00000|DI|60,72|7,62|0|551|1949|0000006973|53,10|17,00|6,37|0,00|0,00|0,00||||0,00|0,00|0,00|50|46,73|1,6500|0,000||0,77|50|46,73|7,6000|0,000||3,55|416||
|C170|7|9551||1,00000|DI|21,54|0,00|0|051|1949|0000006973|21,54|17,00|2,58|0,00|0,00|0,00||||0,00|0,00|0,00|50|18,96|1,6500|0,000||0,31|50|18,96|7,6000|0,000||1,44|416||
|C170|8|9556||1,00000|DI|21,54|0,00|0|051|1949|0000006973|21,54|17,00|2,58|0,00|0,00|0,00||||0,00|0,00|0,00|50|18,96|1,6500|0,000||0,31|50|18,96|7,6000|0,000||1,44|416||
|C170|9|9557||1,00000|DI|21,54|0,00|0|051|1949|0000006973|21,54|17,00|2,58|0,00|0,00|0,00||||0,00|0,00|0,00|50|18,96|1,6500|0,000||0,31|50|18,96|7,6000|0,000||1,44|416||
|C170|10|9584||1,00000|DI|28,80|0,00|0|051|1949|0000006973|28,80|17,00|3,46|0,00|0,00|0,00||||0,00|0,00|0,00|50|25,34|1,6500|0,000||0,42|50|25,34|7,6000|0,000||1,93|416||
|C170|11|9598||2,00000|DI|37,19|0,00|0|051|1949|0000006973|37,19|17,00|4,46|0,00|0,00|0,00||||0,00|0,00|0,00|50|32,73|1,6500|0,000||0,54|50|32,73|7,6000|0,000||2,49|416||
|C170|12|10878||1,00000|CX|102,96|0,00|0|051|1949|0000006973|102,96|17,00|12,36|0,00|0,00|0,00||||0,00|0,00|0,00|50|90,60|1,6500|0,000||1,49|50|90,60|7,6000|0,000||6,89|416||
|C170|13|11102||1,00000|CX|36,96|0,00|0|051|1949|0000006973|36,96|17,00|4,44|0,00|0,00|0,00||||0,00|0,00|0,00|50|32,52|1,6500|0,000||0,54|50|32,52|7,6000|0,000||2,47|416||
|C170|14|11161||1,00000|CX|57,36|2,41|0|051|1949|0000006973|54,95|17,00|6,59|0,00|0,00|0,00||||0,00|0,00|0,00|50|48,36|1,6500|0,000||0,80|50|48,36|7,6000|0,000||3,68|416||
|C190|020|1949|17,00|299,79|123,45|20,99|0,00|0,00|176,34|0,00|28|
|C190|051|1949|17,00|434,30|434,30|52,10|0,00|0,00|0,00|0,00|28|
|C190|251|1949|17,00|80,23|80,23|9,63|0,00|0,00|0,00|0,00|28|
|C190|551|1949|17,00|53,10|53,10|6,37|0,00|0,00|0,00|0,00|28|
|C100|0|0|90477|55|00|002|2572428|43221093112282000108550020025724281268969450|31102022|31102022|28,23|2|0,00|0,00|28,23|0|0,00|0,00|0,00|28,23|3,39|0,00|0,00|0,00|0,47|2,15|0,00|0,00|
|C110|IC31||
|C170|1|8861||1,00000|DI|28,23|0,00|0|051|1949|0000006973|28,23|17,00|3,39|0,00|0,00|0,00||||0,00|0,00|0,00|50|24,84|1,6500|0,000||0,41|50|24,84|7,6000|0,000||1,89|416||
|C190|051|1949|17,00|28,23|28,23|3,39|0,00|0,00|0,00|0,00|28|
|C100|0|0|80496|55|00|002|2572429|43221093112282000108550020025724291426118908|31102022|31102022|341,64|2|10,57|0,00|352,21|0|0,00|0,00|0,00|341,64|41,00|0,00|0,00|0,00|5,64|25,96|0,00|0,00|
|C170|1|9563||5,00000|CX|352,21|10,57|0|551|1949|0000006973|341,64|17,00|41,00|0,00|0,00|0,00||||0,00|0,00|0,00|50|300,64|1,6500|0,000||4,96|50|300,64|7,6000|0,000||22,85|416||
|C190|551|1949|17,00|341,64|341,64|41,00|0,00|0,00|0,00|0,00|28|
|C100|0|0|79765|55|00|002|2572430|43221093112282000108550020025724301642485248|31102022|31102022|341,64|2|10,57|0,00|352,21|0|0,00|0,00|0,00|341,64|41,00|0,00|0,00|0,00|5,64|25,96|0,00|0,00|
|C170|1|9563||5,00000|CX|352,21|10,57|0|551|1949|0000006973|341,64|17,00|41,00|0,00|0,00|0,00||||0,00|0,00|0,00|50|300,64|1,6500|0,000||4,96|50|300,64|7,6000|0,000||22,85|416||
|C190|551|1949|17,00|341,64|341,64|41,00|0,00|0,00|0,00|0,00|28|
|C100|0|0|79765|55|00|002|2572431|43221093112282000108550020025724311502390322|31102022|31102022|1395,27|2|11,22|0,00|1406,49|0|0,00|0,00|0,00|1218,93|152,44|0,00|0,00|0,00|20,41|93,84|0,00|0,00|
|C110|IC31||
|C170|1|5384||2,00000|DI|68,87|0,00|0|051|1949|0000006973|68,87|17,00|8,26|0,00|0,00|0,00||||0,00|0,00|0,00|50|60,61|1,6500|0,000||1,00|50|60,61|7,6000|0,000||4,61|416||
|C170|2|5683||2,00000|CX|148,80|0,00|0|051|1949|0000006973|148,80|17,00|17,86|0,00|0,00|0,00||||0,00|0,00|0,00|50|130,94|1,6500|0,000||2,16|50|130,94|7,6000|0,000||9,95|416||
|C170|3|5685||1,00000|CX|74,40|0,00|0|051|1949|0000006973|74,40|17,00|8,93|0,00|0,00|0,00||||0,00|0,00|0,00|50|65,47|1,6500|0,000||1,08|50|65,47|7,6000|0,000||4,98|416||
|C170|4|7812||1,00000|CX|160,44|0,00|0|251|1949|0000006973|160,44|17,00|19,25|0,00|0,00|0,00||||0,00|0,00|0,00|73|141,19|0,0000|0,000||0,00|73|141,19|0,0000|0,000||0,00|416||
|C170|5|9503||1,00000|CX|299,79|0,00|0|020|1949|0000006973|123,45|17,00|20,99|0,00|0,00|0,00||||0,00|0,00|0,00|50|278,80|1,6500|0,000||4,60|50|278,80|7,6000|0,000||21,19|416||
|C170|6|9539||2,00000|DI|60,72|7,62|0|551|1949|0000006973|53,10|17,00|6,37|0,00|0,00|0,00||||0,00|0,00|0,00|50|46,73|1,6500|0,000||0,77|50|46,73|7,6000|0,000||3,55|416||
|C170|7|9551||1,00000|DI|21,54|0,00|0|051|1949|0000006973|21,54|17,00|2,58|0,00|0,00|0,00||||0,00|0,00|0,00|50|18,96|1,6500|0,000||0,31|50|18,96|7,6000|0,000||1,44|416||
|C170|8|9556||1,00000|DI|21,54|0,00|0|051|1949|0000006973|21,54|17,00|2,58|0,00|0,00|0,00||||0,00|0,00|0,00|50|18,96|1,6500|0,000||0,31|50|18,96|7,6000|0,000||1,44|416||
|C170|9|9557||1,00000|DI|21,54|0,00|0|051|1949|0000006973|21,54|17,00|2,58|0,00|0,00|0,00||||0,00|0,00|0,00|50|18,96|1,6500|0,000||0,31|50|18,96|7,6000|0,000||1,44|416||
|C170|10|9598||1,00000|CX|74,40|0,00|0|051|1949|0000006973|74,40|17,00|8,93|0,00|0,00|0,00||||0,00|0,00|0,00|50|65,47|1,6500|0,000||1,08|50|65,47|7,6000|0,000||4,98|416||
|C170|11|9599||1,00000|CX|74,40|0,00|0|051|1949|0000006973|74,40|17,00|8,93|0,00|0,00|0,00||||0,00|0,00|0,00|50|65,47|1,6500|0,000||1,08|50|65,47|7,6000|0,000||4,98|416||
|C170|12|10878||2,00000|CX|205,92|0,00|0|051|1949|0000006973|205,92|17,00|24,71|0,00|0,00|0,00||||0,00|0,00|0,00|50|181,21|1,6500|0,000||2,99|50|181,21|7,6000|0,000||13,77|416||
|C170|13|11099||1,00000|DI|51,48|0,00|0|051|1949|0000006973|51,48|17,00|6,18|0,00|0,00|0,00||||0,00|0,00|0,00|50|45,30|1,6500|0,000||0,75|50|45,30|7,6000|0,000||3,44|416||
|C170|14|11102||1,00000|CX|36,96|0,00|0|051|1949|0000006973|36,96|17,00|4,44|0,00|0,00|0,00||||0,00|0,00|0,00|50|32,52|1,6500|0,000||0,54|50|32,52|7,6000|0,000||2,47|416||
|C170|15|11161||6,00000|DI|85,69|3,60|0|051|1949|0000006973|82,09|17,00|9,85|0,00|0,00|0,00||||0,00|0,00|0,00|50|72,24|1,6500|0,000||1,19|50|72,24|7,6000|0,000||5,49|416||
|C190|020|1949|17,00|299,79|123,45|20,99|0,00|0,00|176,34|0,00|28|
|C190|051|1949|17,00|881,94|881,94|105,83|0,00|0,00|0,00|0,00|28|
|C190|251|1949|17,00|160,44|160,44|19,25|0,00|0,00|0,00|0,00|28|
|C190|551|1949|17,00|53,10|53,10|6,37|0,00|0,00|0,00|0,00|28|
|C100|0|0|80088|55|00|002|2572432|43221093112282000108550020025724321407391020|31102022|31102022|343,48|2|10,86|0,00|354,34|0|0,00|0,00|0,00|343,48|55,25|0,00|0,00|0,00|5,63|26,10|0,00|0,00|
|C110|IC2||
|C110|IC31||
|C170|1|3757||1,00000|DI|21,56|0,00|0|000|1949|0000006973|21,56|17,00|3,67|0,00|0,00|0,00||||0,00|0,00|0,00|50|17,89|1,6500|0,000||0,30|50|17,89|7,6000|0,000||1,36|416||
|C170|2|6184||1,00000|UN|3,91|0,00|0|500|1949|0000006973|3,91|12,00|0,47|0,00|0,00|0,00||||0,00|0,00|0,00|50|3,44|1,6500|0,000||0,06|50|3,44|7,6000|0,000||0,26|416||
|C170|3|7642||3,00000|UN|14,39|0,00|0|500|1949|0000006973|14,39|12,00|1,73|0,00|0,00|0,00||||0,00|0,00|0,00|50|12,66|1,6500|0,000||0,21|50|12,66|7,6000|0,000||0,96|416||
|C170|4|8224||1,00000|DI|21,35|0,00|0|500|1949|0000006973|21,35|17,00|3,63|0,00|0,00|0,00||||0,00|0,00|0,00|50|17,72|1,6500|0,000||0,29|50|17,72|7,6000|0,000||1,35|416||
|C170|5|8225||1,00000|DI|21,35|0,00|0|500|1949|0000006973|21,35|17,00|3,63|0,00|0,00|0,00||||0,00|0,00|0,00|50|17,72|1,6500|0,000||0,29|50|17,72|7,6000|0,000||1,35|416||
|C170|6|8230||1,00000|DI|21,35|0,00|0|500|1949|0000006973|21,35|17,00|3,63|0,00|0,00|0,00||||0,00|0,00|0,00|50|17,72|1,6500|0,000||0,29|50|17,72|7,6000|0,000||1,35|416||
|C170|7|10065||1,00000|DI|22,45|0,00|0|500|1949|0000006973|22,45|12,00|2,69|0,00|0,00|0,00||||0,00|0,00|0,00|50|19,76|1,6500|0,000||0,33|50|19,76|7,6000|0,000||1,50|416||
|C170|8|10066||1,00000|DI|22,45|0,00|0|500|1949|0000006973|22,45|12,00|2,69|0,00|0,00|0,00||||0,00|0,00|0,00|50|19,76|1,6500|0,000||0,33|50|19,76|7,6000|0,000||1,50|416||
|C170|9|10797||1,00000|UN|6,23|0,00|0|000|1949|0000006973|6,23|17,00|1,06|0,00|0,00|0,00||||0,00|0,00|0,00|50|5,17|1,6500|0,000||0,09|50|5,17|7,6000|0,000||0,39|416||
|C170|10|11151||1,00000|DI|16,57|0,00|0|500|1949|0000006973|16,57|17,00|2,82|0,00|0,00|0,00||||0,00|0,00|0,00|50|13,75|1,6500|0,000||0,23|50|13,75|7,6000|0,000||1,05|416||
|C170|11|11153||1,00000|DI|16,57|0,00|0|500|1949|0000006973|16,57|17,00|2,82|0,00|0,00|0,00||||0,00|0,00|0,00|50|13,75|1,6500|0,000||0,23|50|13,75|7,6000|0,000||1,05|416||
|C170|12|11178||1,00000|DI|20,77|0,00|0|500|1949|0000006973|20,77|17,00|3,53|0,00|0,00|0,00||||0,00|0,00|0,00|50|17,24|1,6500|0,000||0,28|50|17,24|7,6000|0,000||1,31|416||
|C170|13|11179||1,00000|DI|20,77|3,62|0|500|1949|0000006973|17,15|17,00|2,92|0,00|0,00|0,00||||0,00|0,00|0,00|50|14,23|1,6500|0,000||0,23|50|14,23|7,6000|0,000||1,08|416||
|C170|14|11180||1,00000|DI|20,77|3,62|0|500|1949|0000006973|17,15|17,00|2,92|0,00|0,00|0,00||||0,00|0,00|0,00|50|14,23|1,6500|0,000||0,23|50|14,23|7,6000|0,000||1,08|416||
|C170|15|11182||1,00000|DI|20,77|0,00|0|500|1949|0000006973|20,77|17,00|3,53|0,00|0,00|0,00||||0,00|0,00|0,00|50|17,24|1,6500|0,000||0,28|50|17,24|7,6000|0,000||1,31|416||
|C170|16|11184||1,00000|DI|20,77|0,00|0|500|1949|0000006973|20,77|17,00|3,53|0,00|0,00|0,00||||0,00|0,00|0,00|50|17,24|1,6500|0,000||0,28|50|17,24|7,6000|0,000||1,31|416||
|C170|17|11185||1,00000|DI|20,77|0,00|0|500|1949|0000006973|20,77|17,00|3,53|0,00|0,00|0,00||||0,00|0,00|0,00|50|17,24|1,6500|0,000||0,28|50|17,24|7,6000|0,000||1,31|416||
|C170|18|11189||1,00000|DI|20,77|0,00|0|500|1949|0000006973|20,77|17,00|3,53|0,00|0,00|0,00||||0,00|0,00|0,00|50|17,24|1,6500|0,000||0,28|50|17,24|7,6000|0,000||1,31|416||
|C170|19|11190||1,00000|DI|20,77|3,62|0|500|1949|0000006973|17,15|17,00|2,92|0,00|0,00|0,00||||0,00|0,00|0,00|50|14,23|1,6500|0,000||0,23|50|14,23|7,6000|0,000||1,08|416||
|C190|000|1949|17,00|27,79|27,79|4,73|0,00|0,00|0,00|0,00|28|
|C190|500|1949|12,00|63,20|63,20|7,58|0,00|0,00|0,00|0,00|28|
|C190|500|1949|17,00|252,49|252,49|42,94|0,00|0,00|0,00|0,00|28|
|C100|0|0|89482|55|00|002|2572433|43221093112282000108550020025724331759561230|31102022|31102022|466,46|2|9,52|0,00|475,98|0|0,00|0,00|0,00|466,46|66,96|0,00|0,00|0,00|7,70|35,44|0,00|0,00|
|C110|IC2||
|C170|1|6184||1,00000|UN|3,91|0,08|0|500|1949|0000006973|3,83|12,00|0,46|0,00|0,00|0,00||||0,00|0,00|0,00|50|3,37|1,6500|0,000||0,06|50|3,37|7,6000|0,000||0,26|416||
|C170|2|7642||1,00000|UN|4,50|0,09|0|500|1949|0000006973|4,41|12,00|0,53|0,00|0,00|0,00||||0,00|0,00|0,00|50|3,88|1,6500|0,000||0,06|50|3,88|7,6000|0,000||0,29|416||
|C170|3|7718||1,00000|DI|74,71|1,49|0|500|1949|0000006973|73,22|17,00|12,45|0,00|0,00|0,00||||0,00|0,00|0,00|50|60,77|1,6500|0,000||1,00|50|60,77|7,6000|0,000||4,62|416||
|C170|4|7720||1,00000|DI|74,71|1,49|0|500|1949|0000006973|73,22|17,00|12,45|0,00|0,00|0,00||||0,00|0,00|0,00|50|60,77|1,6500|0,000||1,00|50|60,77|7,6000|0,000||4,62|416||
|C170|5|10065||1,00000|CX|121,72|2,45|0|500|1949|0000006973|119,27|12,00|14,31|0,00|0,00|0,00||||0,00|0,00|0,00|50|104,96|1,6500|0,000||1,73|50|104,96|7,6000|0,000||7,98|416||
|C170|6|10066||1,00000|CX|121,72|2,43|0|500|1949|0000006973|119,29|12,00|14,31|0,00|0,00|0,00||||0,00|0,00|0,00|50|104,98|1,6500|0,000||1,73|50|104,98|7,6000|0,000||7,98|416||
|C170|7|11071||1,00000|DI|74,71|1,49|0|500|1949|0000006973|73,22|17,00|12,45|0,00|0,00|0,00||||0,00|0,00|0,00|50|60,77|1,6500|0,000||1,00|50|60,77|7,6000|0,000||4,62|416||
|C190|500|1949|12,00|246,80|246,80|29,61|0,00|0,00|0,00|0,00|28|
|C190|500|1949|17,00|219,66|219,66|37,35|0,00|0,00|0,00|0,00|28|
|C100|0|0|81162|55|00|002|2572434|43221093112282000108550020025724341519200019|31102022|31102022|287,12|2|13,52|0,00|300,64|0|0,00|0,00|0,00|287,12|43,00|0,00|0,00|0,00|4,71|21,83|0,00|0,00|
|C110|IC2||
|C110|IC31||
|C170|1|6184||1,00000|UN|3,91|0,00|0|500|1949|0000006973|3,91|12,00|0,47|0,00|0,00|0,00||||0,00|0,00|0,00|50|3,44|1,6500|0,000||0,06|50|3,44|7,6000|0,000||0,26|416||
|C170|2|7642||1,00000|UN|4,50|0,00|0|500|1949|0000006973|4,50|12,00|0,54|0,00|0,00|0,00||||0,00|0,00|0,00|50|3,96|1,6500|0,000||0,07|50|3,96|7,6000|0,000||0,30|416||
|C170|3|8023||2,00000|UN|9,02|0,00|0|500|1949|0000006973|9,02|12,00|1,08|0,00|0,00|0,00||||0,00|0,00|0,00|50|7,94|1,6500|0,000||0,13|50|7,94|7,6000|0,000||0,60|416||
|C170|4|8224||1,00000|DI|21,35|0,00|0|500|1949|0000006973|21,35|17,00|3,63|0,00|0,00|0,00||||0,00|0,00|0,00|50|17,72|1,6500|0,000||0,29|50|17,72|7,6000|0,000||1,35|416||
|C170|5|8226||1,00000|DI|21,35|0,00|0|500|1949|0000006973|21,35|17,00|3,63|0,00|0,00|0,00||||0,00|0,00|0,00|50|17,72|1,6500|0,000||0,29|50|17,72|7,6000|0,000||1,35|416||
|C170|6|9436||1,00000|DI|25,96|0,00|0|500|1949|0000006973|25,96|12,00|3,12|0,00|0,00|0,00||||0,00|0,00|0,00|50|22,84|1,6500|0,000||0,38|50|22,84|7,6000|0,000||1,74|416||
|C170|7|10066||1,00000|DI|22,45|0,00|0|500|1949|0000006973|22,45|12,00|2,69|0,00|0,00|0,00||||0,00|0,00|0,00|50|19,76|1,6500|0,000||0,33|50|19,76|7,6000|0,000||1,50|416||
|C170|8|10944||1,00000|DI|56,71|6,36|0|500|1949|0000006973|50,35|12,00|6,04|0,00|0,00|0,00||||0,00|0,00|0,00|50|44,31|1,6500|0,000||0,73|50|44,31|7,6000|0,000||3,37|416||
|C170|9|11178||1,00000|DI|20,77|0,00|0|500|1949|0000006973|20,77|17,00|3,53|0,00|0,00|0,00||||0,00|0,00|0,00|50|17,24|1,6500|0,000||0,28|50|17,24|7,6000|0,000||1,31|416||
|C170|10|11180||1,00000|DI|20,77|3,62|0|500|1949|0000006973|17,15|17,00|2,92|0,00|0,00|0,00||||0,00|0,00|0,00|50|14,23|1,6500|0,000||0,23|50|14,23|7,6000|0,000||1,08|416||
|C170|11|11181||1,00000|DI|20,77|0,00|0|500|1949|0000006973|20,77|17,00|3,53|0,00|0,00|0,00||||0,00|0,00|0,00|50|17,24|1,6500|0,000||0,28|50|17,24|7,6000|0,000||1,31|416||
|C170|12|11182||1,00000|DI|20,77|0,00|0|500|1949|0000006973|20,77|17,00|3,53|0,00|0,00|0,00||||0,00|0,00|0,00|50|17,24|1,6500|0,000||0,28|50|17,24|7,6000|0,000||1,31|416||
|C170|13|11189||1,00000|DI|20,77|0,00|0|500|1949|0000006973|20,77|17,00|3,53|0,00|0,00|0,00||||0,00|0,00|0,00|50|17,24|1,6500|0,000||0,28|50|17,24|7,6000|0,000||1,31|416||
|C170|14|11246||1,00000|DI|31,54|3,54|0|500|1949|0000006973|28,00|17,00|4,76|0,00|0,00|0,00||||0,00|0,00|0,00|50|23,24|1,6500|0,000||0,38|50|23,24|7,6000|0,000||1,77|416||
|C190|500|1949|12,00|116,19|116,19|13,94|0,00|0,00|0,00|0,00|28|
|C190|500|1949|17,00|170,93|170,93|29,06|0,00|0,00|0,00|0,00|28|
|C100|0|0|10076|55|00|002|2572435|43221093112282000108550020025724351208108029|31102022|31102022|1997,05|2|221,90|0,00|2218,95|0|0,00|0,00|0,00|1997,05|239,65|0,00|0,00|0,00|32,95|151,79|0,00|0,00|
|C110|IC2||
|C170|1|11151||3,00000|CX|443,79|44,38|0|551|1949|0000006973|399,41|17,00|47,93|0,00|0,00|0,00||||0,00|0,00|0,00|50|351,48|1,6500|0,000||5,80|50|351,48|7,6000|0,000||26,71|416||
|C170|2|11152||1,00000|CX|147,93|14,79|0|551|1949|0000006973|133,14|17,00|15,98|0,00|0,00|0,00||||0,00|0,00|0,00|50|117,16|1,6500|0,000||1,93|50|117,16|7,6000|0,000||8,90|416||
|C170|3|11153||5,00000|CX|739,65|73,97|0|551|1949|0000006973|665,68|17,00|79,88|0,00|0,00|0,00||||0,00|0,00|0,00|50|585,80|1,6500|0,000||9,67|50|585,80|7,6000|0,000||44,52|416||
|C170|4|11154||2,00000|CX|295,86|29,59|0|551|1949|0000006973|266,27|17,00|31,95|0,00|0,00|0,00||||0,00|0,00|0,00|50|234,32|1,6500|0,000||3,87|50|234,32|7,6000|0,000||17,81|416||
|C170|5|11155||1,00000|CX|147,93|14,79|0|551|1949|0000006973|133,14|17,00|15,98|0,00|0,00|0,00||||0,00|0,00|0,00|50|117,16|1,6500|0,000||1,93|50|117,16|7,6000|0,000||8,90|416||
|C170|6|11156||1,00000|CX|147,93|14,79|0|551|1949|0000006973|133,14|17,00|15,98|0,00|0,00|0,00||||0,00|0,00|0,00|50|117,16|1,6500|0,000||1,93|50|117,16|7,6000|0,000||8,90|416||
|C170|7|11157||2,00000|CX|295,86|29,59|0|551|1949|0000006973|266,27|17,00|31,95|0,00|0,00|0,00||||0,00|0,00|0,00|50|234,32|1,6500|0,000||3,87|50|234,32|7,6000|0,000||17,81|416||
|C190|551|1949|17,00|1997,05|1997,05|239,65|0,00|0,00|0,00|0,00|28|
|C100|0|1|7232|55|00|000|559421|43220989724447000117550000005594211472887410|30092022|31102022|50253,33|1|0,00|0,00|50253,33|0|0,00|0,00|0,00|0,00|0,00|0,00|0,00|0,00|753,30|3469,75|0,00|0,00|
|C170|1|170||44040,00000|UN|38210,22|0,00|0|060|1403|0000000100|0,00|0,00|0,00|0,00|0,00|0,00||||0,00|0,00|0,00|50|34791,60|1,6500|0,000||574,06|50|34791,60|7,6000|0,000||2644,16|513||
|C170|2|363||6000,00000|UN|12043,11|0,00|0|560|1403|0000000100|0,00|0,00|0,00|0,00|0,00|0,00||||0,00|0,00|0,00|50|10863,00|1,6500|0,000||179,24|50|10863,00|7,6000|0,000||825,59|513||
|C190|060|1403|0,00|38210,22|0,00|0,00|0,00|0,00|0,00|0,00||
|C190|560|1403|0,00|12043,11|0,00|0,00|0,00|0,00|0,00|0,00||
|C100|0|0|43749|55|00|002|2572436|43221093112282000108550020025724361859167365|31102022|31102022|883,02|2|10,03|0,00|893,05|0|0,00|0,00|0,00|706,68|90,95|0,00|0,00|0,00|13,27|61,04|0,00|0,00|
|C110|IC31||
|C170|1|5384||1,00000|DI|34,44|0,00|0|051|1949|0000006973|34,44|17,00|4,13|0,00|0,00|0,00||||0,00|0,00|0,00|50|30,31|1,6500|0,000||0,50|50|30,31|7,6000|0,000||2,30|416||
|C170|2|5683||2,00000|DI|37,19|0,00|0|051|1949|0000006973|37,19|17,00|4,46|0,00|0,00|0,00||||0,00|0,00|0,00|50|32,73|1,6500|0,000||0,54|50|32,73|7,6000|0,000||2,49|416||
|C170|3|5685||2,00000|DI|37,19|0,00|0|051|1949|0000006973|37,19|17,00|4,46|0,00|0,00|0,00||||0,00|0,00|0,00|50|32,73|1,6500|0,000||0,54|50|32,73|7,6000|0,000||2,49|416||
|C170|4|7812||2,00000|DI|80,23|0,00|0|251|1949|0000006973|80,23|17,00|9,63|0,00|0,00|0,00||||0,00|0,00|0,00|73|70,60|0,0000|0,000||0,00|73|70,60|0,0000|0,000||0,00|416||
|C170|5|9503||1,00000|CX|299,79|0,00|0|020|1949|0000006973|123,45|17,00|20,99|0,00|0,00|0,00||||0,00|0,00|0,00|50|278,80|1,6500|0,000||4,60|50|278,80|7,6000|0,000||21,19|416||
|C170|6|9539||2,00000|DI|60,72|7,62|0|551|1949|0000006973|53,10|17,00|6,37|0,00|0,00|0,00||||0,00|0,00|0,00|50|46,73|1,6500|0,000||0,77|50|46,73|7,6000|0,000||3,55|416||
|C170|7|9551||1,00000|DI|21,54|0,00|0|051|1949|0000006973|21,54|17,00|2,58|0,00|0,00|0,00||||0,00|0,00|0,00|50|18,96|1,6500|0,000||0,31|50|18,96|7,6000|0,000||1,44|416||
|C170|8|9554||1,00000|DI|21,54|0,00|0|051|1949|0000006973|21,54|17,00|2,58|0,00|0,00|0,00||||0,00|0,00|0,00|50|18,96|1,6500|0,000||0,31|50|18,96|7,6000|0,000||1,44|416||
|C170|9|9556||1,00000|DI|21,54|0,00|0|051|1949|0000006973|21,54|17,00|2,58|0,00|0,00|0,00||||0,00|0,00|0,00|50|18,96|1,6500|0,000||0,31|50|18,96|7,6000|0,000||1,44|416||
|C170|10|9557||1,00000|DI|21,54|0,00|0|051|1949|0000006973|21,54|17,00|2,58|0,00|0,00|0,00||||0,00|0,00|0,00|50|18,96|1,6500|0,000||0,31|50|18,96|7,6000|0,000||1,44|416||
|C170|11|9591||1,00000|DI|22,86|0,00|0|051|1949|0000006973|22,86|17,00|2,74|0,00|0,00|0,00||||0,00|0,00|0,00|50|20,12|1,6500|0,000||0,33|50|20,12|7,6000|0,000||1,53|416||
|C170|12|9598||2,00000|DI|37,19|0,00|0|051|1949|0000006973|37,19|17,00|4,46|0,00|0,00|0,00||||0,00|0,00|0,00|50|32,73|1,6500|0,000||0,54|50|32,73|7,6000|0,000||2,49|416||
|C170|13|10878||1,00000|CX|102,96|0,00|0|051|1949|0000006973|102,96|17,00|12,36|0,00|0,00|0,00||||0,00|0,00|0,00|50|90,60|1,6500|0,000||1,49|50|90,60|7,6000|0,000||6,89|416||
|C170|14|11102||1,00000|CX|36,96|0,00|0|051|1949|0000006973|36,96|17,00|4,44|0,00|0,00|0,00||||0,00|0,00|0,00|50|32,52|1,6500|0,000||0,54|50|32,52|7,6000|0,000||2,47|416||
|C170|15|11161||1,00000|CX|57,36|2,41|0|051|1949|0000006973|54,95|17,00|6,59|0,00|0,00|0,00||||0,00|0,00|0,00|50|48,36|1,6500|0,000||0,80|50|48,36|7,6000|0,000||3,68|416||
|C190|020|1949|17,00|299,79|123,45|20,99|0,00|0,00|176,34|0,00|28|
|C190|051|1949|17,00|449,90|449,90|53,96|0,00|0,00|0,00|0,00|28|
|C190|251|1949|17,00|80,23|80,23|9,63|0,00|0,00|0,00|0,00|28|
|C190|551|1949|17,00|53,10|53,10|6,37|0,00|0,00|0,00|0,00|28|
|C100|0|0|43749|55|00|002|2572437|43221093112282000108550020025724371991172920|31102022|31102022|409,97|2|12,68|0,00|422,65|0|0,00|0,00|0,00|409,97|49,20|0,00|0,00|0,00|6,76|31,16|0,00|0,00|
|C170|1|9563||6,00000|CX|422,65|12,68|0|551|1949|0000006973|409,97|17,00|49,20|0,00|0,00|0,00||||0,00|0,00|0,00|50|360,77|1,6500|0,000||5,95|50|360,77|7,6000|0,000||27,42|416||
|C190|551|1949|17,00|409,97|409,97|49,20|0,00|0,00|0,00|0,00|28|
|C100|0|0|64583|55|00|002|2572438|43221093112282000108550020025724381618883601|31102022|31102022|367,23|2|17,52|0,00|384,75|0|0,00|0,00|0,00|367,23|55,52|0,00|0,00|0,00|6,05|27,91|0,00|0,00|
|C110|IC2||
|C110|IC31||
|C170|1|6184||1,00000|DI|21,00|0,96|0|500|1949|0000006973|20,04|12,00|2,40|0,00|0,00|0,00||||0,00|0,00|0,00|50|17,64|1,6500|0,000||0,29|50|17,64|7,6000|0,000||1,34|416||
|C170|2|7642||5,00000|UN|22,50|1,03|0|500|1949|0000006973|21,47|12,00|2,58|0,00|0,00|0,00||||0,00|0,00|0,00|50|18,89|1,6500|0,000||0,31|50|18,89|7,6000|0,000||1,44|416||
|C170|3|9302||1,00000|DI|42,78|1,95|0|500|1949|0000006973|40,83|12,00|4,90|0,00|0,00|0,00||||0,00|0,00|0,00|50|35,93|1,6500|0,000||0,59|50|35,93|7,6000|0,000||2,73|416||
|C170|4|9660||1,00000|UN|3,14|0,14|0|500|1949|0000006973|3,00|17,00|0,51|0,00|0,00|0,00||||0,00|0,00|0,00|50|2,49|1,6500|0,000||0,04|50|2,49|7,6000|0,000||0,19|416||
|C170|5|10797||1,00000|UN|5,70|0,26|0|000|1949|0000006973|5,44|17,00|0,92|0,00|0,00|0,00||||0,00|0,00|0,00|50|4,52|1,6500|0,000||0,07|50|4,52|7,6000|0,000||0,34|416||
|C170|6|10919||1,00000|DI|58,41|2,66|0|500|1949|0000006973|55,75|12,00|6,69|0,00|0,00|0,00||||0,00|0,00|0,00|50|49,06|1,6500|0,000||0,81|50|49,06|7,6000|0,000||3,73|416||
|C170|7|11071||2,00000|DI|152,84|6,95|0|500|1949|0000006973|145,89|17,00|24,80|0,00|0,00|0,00||||0,00|0,00|0,00|50|121,09|1,6500|0,000||2,00|50|121,09|7,6000|0,000||9,20|416||
|C170|8|11158||1,00000|DI|15,17|0,69|0|500|1949|0000006973|14,48|17,00|2,46|0,00|0,00|0,00||||0,00|0,00|0,00|50|12,02|1,6500|0,000||0,20|50|12,02|7,6000|0,000||0,91|416||
|C170|9|11179||1,00000|DI|21,07|0,96|0|500|1949|0000006973|20,11|17,00|3,42|0,00|0,00|0,00||||0,00|0,00|0,00|50|16,69|1,6500|0,000||0,28|50|16,69|7,6000|0,000||1,27|416||
|C170|10|11180||1,00000|DI|21,07|0,96|0|500|1949|0000006973|20,11|17,00|3,42|0,00|0,00|0,00||||0,00|0,00|0,00|50|16,69|1,6500|0,000||0,28|50|16,69|7,6000|0,000||1,27|416||
|C170|11|11190||1,00000|DI|21,07|0,96|0|500|1949|0000006973|20,11|17,00|3,42|0,00|0,00|0,00||||0,00|0,00|0,00|50|16,69|1,6500|0,000||0,28|50|16,69|7,6000|0,000||1,27|416||
|C190|000|1949|17,00|5,44|5,44|0,92|0,00|0,00|0,00|0,00|28|
|C190|500|1949|12,00|138,09|138,09|16,57|0,00|0,00|0,00|0,00|28|
|C190|500|1949|17,00|223,70|223,70|38,03|0,00|0,00|0,00|0,00|28|
|C100|0|0|80168|55|00|002|2572439|43221093112282000108550020025724391991039451|31102022|31102022|198,82|2|22,09|0,00|220,91|0|0,00|0,00|0,00|198,82|26,82|0,00|0,00|0,00|3,28|15,11|0,00|0,00|
|C110|IC2||
|C170|1|7717||1,00000|DI|65,95|6,60|0|500|1949|0000006973|59,35|17,00|10,09|0,00|0,00|0,00||||0,00|0,00|0,00|50|49,26|1,6500|0,000||0,81|50|49,26|7,6000|0,000||3,74|416||
|C170|2|9302||1,00000|DI|41,54|4,15|0|500|1949|0000006973|37,39|12,00|4,49|0,00|0,00|0,00||||0,00|0,00|0,00|50|32,90|1,6500|0,000||0,54|50|32,90|7,6000|0,000||2,50|416||
|C170|3|10944||1,00000|DI|56,71|5,67|0|500|1949|0000006973|51,04|12,00|6,12|0,00|0,00|0,00||||0,00|0,00|0,00|50|44,92|1,6500|0,000||0,74|50|44,92|7,6000|0,000||3,41|416||
|C170|4|10945||1,00000|DI|56,71|5,67|0|500|1949|0000006973|51,04|12,00|6,12|0,00|0,00|0,00||||0,00|0,00|0,00|50|44,92|1,6500|0,000||0,74|50|44,92|7,6000|0,000||3,41|416||
|C190|500|1949|12,00|139,47|139,47|16,73|0,00|0,00|0,00|0,00|28|
|C190|500|1949|17,00|59,35|59,35|10,09|0,00|0,00|0,00|0,00|28|
|C100|0|0|598|55|00|002|2572440|43221093112282000108550020025724401474667905|31102022|31102022|243,70|2|0,00|0,00|243,70|0|0,00|0,00|0,00|243,70|29,24|0,00|0,00|0,00|4,02|18,52|0,00|0,00|
|C110|IC2||
|C170|1|10065||1,00000|CX|121,85|0,00|0|500|1949|0000006973|121,85|12,00|14,62|0,00|0,00|0,00||||0,00|0,00|0,00|50|107,23|1,6500|0,000||1,77|50|107,23|7,6000|0,000||8,15|416||
|C170|2|10066||1,00000|CX|121,85|0,00|0|500|1949|0000006973|121,85|12,00|14,62|0,00|0,00|0,00||||0,00|0,00|0,00|50|107,23|1,6500|0,000||1,77|50|107,23|7,6000|0,000||8,15|416||
|C190|500|1949|12,00|243,70|243,70|29,24|0,00|0,00|0,00|0,00|28|
|C100|0|0|89697|55|00|002|2572441|43221093112282000108550020025724411228048932|31102022|31102022|133,58|2|7,03|0,00|140,61|0|0,00|0,00|0,00|133,58|19,37|0,00|0,00|0,00|2,19|10,13|0,00|0,00|
|C110|IC2||
|C170|1|6184||1,00000|UN|3,91|0,20|0|500|1949|0000006973|3,71|12,00|0,45|0,00|0,00|0,00||||0,00|0,00|0,00|50|3,26|1,6500|0,000||0,05|50|3,26|7,6000|0,000||0,25|416||
|C170|2|7642||1,00000|UN|4,50|0,23|0|500|1949|0000006973|4,27|12,00|0,51|0,00|0,00|0,00||||0,00|0,00|0,00|50|3,76|1,6500|0,000||0,06|50|3,76|7,6000|0,000||0,29|416||
|C170|3|7719||1,00000|DI|70,13|3,51|0|500|1949|0000006973|66,62|17,00|11,33|0,00|0,00|0,00||||0,00|0,00|0,00|50|55,29|1,6500|0,000||0,91|50|55,29|7,6000|0,000||4,20|416||
|C170|4|10066||1,00000|DI|20,69|1,03|0|500|1949|0000006973|19,66|12,00|2,36|0,00|0,00|0,00||||0,00|0,00|0,00|50|17,30|1,6500|0,000||0,29|50|17,30|7,6000|0,000||1,31|416||
|C170|5|10069||1,00000|DI|20,69|1,03|0|500|1949|0000006973|19,66|12,00|2,36|0,00|0,00|0,00||||0,00|0,00|0,00|50|17,30|1,6500|0,000||0,29|50|17,30|7,6000|0,000||1,31|416||
|C170|6|10070||1,00000|DI|20,69|1,03|0|500|1949|0000006973|19,66|12,00|2,36|0,00|0,00|0,00||||0,00|0,00|0,00|50|17,30|1,6500|0,000||0,29|50|17,30|7,6000|0,000||1,31|416||
|C190|500|1949|12,00|66,96|66,96|8,04|0,00|0,00|0,00|0,00|28|
|C190|500|1949|17,00|66,62|66,62|11,33|0,00|0,00|0,00|0,00|28|
|C100|0|0|83117|55|00|002|2572442|43221093112282000108550020025724421963860745|31102022|31102022|61,44|2|0,00|0,00|61,44|0|0,00|0,00|0,00|61,44|10,44|0,00|0,00|0,00|1,02|4,68|0,00|0,00|
|C110|IC2||
|C170|1|11180||1,00000|DI|20,48|0,00|0|500|1949|0000006973|20,48|17,00|3,48|0,00|0,00|0,00||||0,00|0,00|0,00|50|17,00|1,6500|0,000||0,28|50|17,00|7,6000|0,000||1,29|416||
|C170|2|11183||1,00000|DI|20,48|0,00|0|500|1949|0000006973|20,48|17,00|3,48|0,00|0,00|0,00||||0,00|0,00|0,00|50|17,00|1,6500|0,000||0,28|50|17,00|7,6000|0,000||1,29|416||
|C170|3|11189||1,00000|DI|20,48|0,00|0|500|1949|0000006973|20,48|17,00|3,48|0,00|0,00|0,00||||0,00|0,00|0,00|50|17,00|1,6500|0,000||0,28|50|17,00|7,6000|0,000||1,29|416||
|C190|500|1949|17,00|61,44|61,44|10,44|0,00|0,00|0,00|0,00|28|
|C100|0|0|89715|55|00|002|2572443|43221093112282000108550020025724431233821401|31102022|31102022|100,95|2|0,00|0,00|100,95|0|0,00|0,00|0,00|37,98|4,56|0,00|0,00|0,00|0,63|2,89|0,00|0,00|
|C110|IC31||
|C170|1|4458||3,00000|UN|37,98|0,00|0|551|1949|0000006973|37,98|17,00|4,56|0,00|0,00|0,00||||0,00|0,00|0,00|50|33,42|1,6500|0,000||0,55|50|33,42|7,6000|0,000||2,54|416||
|C170|2|11173||1,00000|CX|62,97|0,00|0|060|1949|0000006973|0,00|0,00|0,00|0,00|0,00|0,00||||0,00|0,00|0,00|73|62,97|0,0000|0,000||0,00|73|62,97|0,0000|0,000||0,00|416||
|C190|060|1949|0,00|62,97|0,00|0,00|0,00|0,00|0,00|0,00|28|
|C190|551|1949|17,00|37,98|37,98|4,56|0,00|0,00|0,00|0,00|28|
|C100|0|0|84397|55|00|002|2572444|43221093112282000108550020025724441997022143|31102022|31102022|446,60|2|7,72|0,00|454,32|0|0,00|0,00|0,00|377,12|45,27|0,00|0,00|0,00|5,83|26,77|0,00|0,00|
|C110|IC31||
|C170|1|244||1,00000|DI|45,40|0,77|0|051|1949|0000006973|44,63|17,00|5,36|0,00|0,00|0,00||||0,00|0,00|0,00|50|39,27|1,6500|0,000||0,65|50|39,27|7,6000|0,000||2,98|416||
|C170|2|978||1,00000|DI|29,96|0,51|0|551|1949|0000006973|29,45|17,00|3,53|0,00|0,00|0,00||||0,00|0,00|0,00|50|25,92|1,6500|0,000||0,43|50|25,92|7,6000|0,000||1,97|416||
|C170|3|4836||1,00000|DI|45,86|0,78|0|551|1949|0000006973|45,08|17,00|5,41|0,00|0,00|0,00||||0,00|0,00|0,00|50|39,67|1,6500|0,000||0,65|50|39,67|7,6000|0,000||3,01|416||
|C170|4|6058||3,00000|UN|41,20|0,70|0|351|1949|0000006973|40,50|17,00|4,86|0,00|0,00|0,00||||0,00|0,00|0,00|50|35,64|1,6500|0,000||0,59|50|35,64|7,6000|0,000||2,71|416||
|C170|5|6676||3,00000|UN|25,63|0,44|0|351|1949|0000006973|25,19|17,00|3,02|0,00|0,00|0,00||||0,00|0,00|0,00|50|22,17|1,6500|0,000||0,37|50|22,17|7,6000|0,000||1,68|416||
|C170|6|7087||3,00000|UN|32,42|0,54|0|551|1949|0000006973|31,88|17,00|3,83|0,00|0,00|0,00||||0,00|0,00|0,00|50|28,05|1,6500|0,000||0,46|50|28,05|7,6000|0,000||2,13|416||
|C170|7|7186||1,00000|DI|47,95|0,82|0|051|1949|0000006973|47,13|25,00|5,66|0,00|0,00|0,00||||0,00|0,00|0,00|73|41,47|0,0000|0,000||0,00|73|41,47|0,0000|0,000||0,00|416||
|C170|8|7188||1,00000|DI|47,95|0,82|0|051|1949|0000006973|47,13|25,00|5,66|0,00|0,00|0,00||||0,00|0,00|0,00|73|41,47|0,0000|0,000||0,00|73|41,47|0,0000|0,000||0,00|416||
|C170|9|7384||2,00000|UN|31,33|0,53|0|351|1949|0000006973|30,80|17,00|3,70|0,00|0,00|0,00||||0,00|0,00|0,00|50|27,10|1,6500|0,000||0,45|50|27,10|7,6000|0,000||2,06|416||
|C170|10|8740||1,00000|DI|26,54|0,45|0|551|1949|0000006973|26,09|17,00|3,13|0,00|0,00|0,00||||0,00|0,00|0,00|50|22,96|1,6500|0,000||0,38|50|22,96|7,6000|0,000||1,74|416||
|C170|11|11102||1,00000|DI|9,40|0,16|0|051|1949|0000006973|9,24|17,00|1,11|0,00|0,00|0,00||||0,00|0,00|0,00|50|8,13|1,6500|0,000||0,13|50|8,13|7,6000|0,000||0,62|416||
|C170|12|11218||1,00000|UN|70,68|1,20|0|560|1949|0000006973|0,00|0,00|0,00|0,00|0,00|0,00||||0,00|0,00|0,00|50|69,48|1,6500|0,000||1,15|50|69,48|7,6000|0,000||5,28|416||
|C190|051|1949|17,00|53,87|53,87|6,47|0,00|0,00|0,00|0,00|28|
|C190|051|1949|25,00|94,26|94,26|11,32|0,00|0,00|0,00|0,00|28|
|C190|351|1949|17,00|96,49|96,49|11,58|0,00|0,00|0,00|0,00|28|
|C190|551|1949|17,00|132,50|132,50|15,90|0,00|0,00|0,00|0,00|28|
|C190|560|1949|0,00|69,48|0,00|0,00|0,00|0,00|0,00|0,00|28|
|C100|0|0|72143|55|00|002|2572445|43221093112282000108550020025724451760993726|31102022|31102022|1836,80|2|283,49|0,00|2120,29|0|0,00|0,00|0,00|1836,80|220,43|0,00|0,00|0,00|30,31|139,61|0,00|0,00|
|C110|IC31||
|C170|1|2817||3,00000|CX|935,43|144,15|0|551|1949|0000006973|791,28|17,00|94,96|0,00|0,00|0,00||||0,00|0,00|0,00|50|696,32|1,6500|0,000||11,49|50|696,32|7,6000|0,000||52,92|416||
|C170|2|4196||1,00000|CX|311,81|48,05|0|551|1949|0000006973|263,76|17,00|31,65|0,00|0,00|0,00||||0,00|0,00|0,00|50|232,11|1,6500|0,000||3,83|50|232,11|7,6000|0,000||17,64|416||
|C170|3|4458||1,00000|CX|311,81|48,05|0|551|1949|0000006973|263,76|17,00|31,65|0,00|0,00|0,00||||0,00|0,00|0,00|50|232,11|1,6500|0,000||3,83|50|232,11|7,6000|0,000||17,64|416||
|C170|4|8711||1,00000|CX|280,62|0,00|0|551|1949|0000006973|280,62|17,00|33,68|0,00|0,00|0,00||||0,00|0,00|0,00|50|246,94|1,6500|0,000||4,07|50|246,94|7,6000|0,000||18,77|416||
|C170|5|9388||1,00000|CX|280,62|43,24|0|551|1949|0000006973|237,38|17,00|28,49|0,00|0,00|0,00||||0,00|0,00|0,00|50|208,89|1,6500|0,000||3,45|50|208,89|7,6000|0,000||15,88|416||
|C190|551|1949|17,00|1836,80|1836,80|220,43|0,00|0,00|0,00|0,00|28|
|C100|0|0|13986|55|00|002|2572446|43221093112282000108550020025724461998895307|31102022|31102022|1836,80|2|283,49|0,00|2120,29|0|0,00|0,00|0,00|1836,80|220,43|0,00|0,00|0,00|30,31|139,61|0,00|0,00|
|C110|IC31||
|C170|1|2817||3,00000|CX|935,43|144,15|0|551|1949|0000006973|791,28|17,00|94,96|0,00|0,00|0,00||||0,00|0,00|0,00|50|696,32|1,6500|0,000||11,49|50|696,32|7,6000|0,000||52,92|416||
|C170|2|4196||1,00000|CX|311,81|48,05|0|551|1949|0000006973|263,76|17,00|31,65|0,00|0,00|0,00||||0,00|0,00|0,00|50|232,11|1,6500|0,000||3,83|50|232,11|7,6000|0,000||17,64|416||
|C170|3|4458||1,00000|CX|311,81|48,05|0|551|1949|0000006973|263,76|17,00|31,65|0,00|0,00|0,00||||0,00|0,00|0,00|50|232,11|1,6500|0,000||3,83|50|232,11|7,6000|0,000||17,64|416||
|C170|4|8711||1,00000|CX|280,62|0,00|0|551|1949|0000006973|280,62|17,00|33,68|0,00|0,00|0,00||||0,00|0,00|0,00|50|246,94|1,6500|0,000||4,07|50|246,94|7,6000|0,000||18,77|416||
|C170|5|9388||1,00000|CX|280,62|43,24|0|551|1949|0000006973|237,38|17,00|28,49|0,00|0,00|0,00||||0,00|0,00|0,00|50|208,89|1,6500|0,000||3,45|50|208,89|7,6000|0,000||15,88|416||
|C190|551|1949|17,00|1836,80|1836,80|220,43|0,00|0,00|0,00|0,00|28|
|C100|0|0|13634|55|00|002|2572447|43221093112282000108550020025724471894594979|31102022|31102022|1836,80|2|283,49|0,00|2120,29|0|0,00|0,00|0,00|1836,80|220,43|0,00|0,00|0,00|30,31|139,61|0,00|0,00|
|C110|IC31||
|C170|1|2817||3,00000|CX|935,43|144,15|0|551|1949|0000006973|791,28|17,00|94,96|0,00|0,00|0,00||||0,00|0,00|0,00|50|696,32|1,6500|0,000||11,49|50|696,32|7,6000|0,000||52,92|416||
|C170|2|4196||1,00000|CX|311,81|48,05|0|551|1949|0000006973|263,76|17,00|31,65|0,00|0,00|0,00||||0,00|0,00|0,00|50|232,11|1,6500|0,000||3,83|50|232,11|7,6000|0,000||17,64|416||
|C170|3|4458||1,00000|CX|311,81|48,05|0|551|1949|0000006973|263,76|17,00|31,65|0,00|0,00|0,00||||0,00|0,00|0,00|50|232,11|1,6500|0,000||3,83|50|232,11|7,6000|0,000||17,64|416||
|C170|4|8711||1,00000|CX|280,62|0,00|0|551|1949|0000006973|280,62|17,00|33,68|0,00|0,00|0,00||||0,00|0,00|0,00|50|246,94|1,6500|0,000||4,07|50|246,94|7,6000|0,000||18,77|416||
|C170|5|9388||1,00000|CX|280,62|43,24|0|551|1949|0000006973|237,38|17,00|28,49|0,00|0,00|0,00||||0,00|0,00|0,00|50|208,89|1,6500|0,000||3,45|50|208,89|7,6000|0,000||15,88|416||
|C190|551|1949|17,00|1836,80|1836,80|220,43|0,00|0,00|0,00|0,00|28|
|C100|0|0|73815|55|00|002|2572448|43221093112282000108550020025724481667097157|31102022|31102022|529,55|2|0,00|0,00|529,55|0|0,00|0,00|0,00|529,55|63,55|0,00|0,00|0,00|8,72|40,24|0,00|0,00|
|C170|1|7717||1,00000|DI|66,19|0,00|0|551|1949|0000006973|66,19|17,00|7,94|0,00|0,00|0,00||||0,00|0,00|0,00|50|58,25|1,6500|0,000||0,96|50|58,25|7,6000|0,000||4,43|416||
|C170|2|7718||2,00000|DI|132,39|0,00|0|551|1949|0000006973|132,39|17,00|15,89|0,00|0,00|0,00||||0,00|0,00|0,00|50|116,50|1,6500|0,000||1,92|50|116,50|7,6000|0,000||8,85|416||
|C170|3|7719||2,00000|DI|132,39|0,00|0|551|1949|0000006973|132,39|17,00|15,89|0,00|0,00|0,00||||0,00|0,00|0,00|50|116,50|1,6500|0,000||1,92|50|116,50|7,6000|0,000||8,85|416||
|C170|4|9434||2,00000|DI|132,39|0,00|0|551|1949|0000006973|132,39|17,00|15,89|0,00|0,00|0,00||||0,00|0,00|0,00|50|116,50|1,6500|0,000||1,92|50|116,50|7,6000|0,000||8,85|416||
|C170|5|9437||1,00000|DI|66,19|0,00|0|551|1949|0000006973|66,19|17,00|7,94|0,00|0,00|0,00||||0,00|0,00|0,00|50|58,25|1,6500|0,000||0,96|50|58,25|7,6000|0,000||4,43|416||
|C190|551|1949|17,00|529,55|529,55|63,55|0,00|0,00|0,00|0,00|28|
|C100|0|0|65595|55|00|002|2572449|43221093112282000108550020025724491365732566|31102022|31102022|607,32|2|0,00|0,00|607,32|0|0,00|0,00|0,00|607,32|103,25|0,00|0,00|0,00|10,02|46,15|0,00|0,00|
|C110|IC2||
|C170|1|11191||1,00000|CX|86,76|0,00|0|500|1949|0000006973|86,76|17,00|14,75|0,00|0,00|0,00||||0,00|0,00|0,00|50|72,01|1,6500|0,000||1,19|50|72,01|7,6000|0,000||5,47|416||
|C170|2|11192||1,00000|CX|86,76|0,00|0|500|1949|0000006973|86,76|17,00|14,75|0,00|0,00|0,00||||0,00|0,00|0,00|50|72,01|1,6500|0,000||1,19|50|72,01|7,6000|0,000||5,47|416||
|C170|3|11193||5,00000|CX|433,80|0,00|0|500|1949|0000006973|433,80|17,00|73,75|0,00|0,00|0,00||||0,00|0,00|0,00|50|360,05|1,6500|0,000||5,94|50|360,05|7,6000|0,000||27,36|416||
|C190|500|1949|17,00|607,32|607,32|103,25|0,00|0,00|0,00|0,00|28|
|C100|0|0|86608|55|00|002|2572450|43221093112282000108550020025724501162709382|31102022|31102022|295,58|2|32,83|0,00|328,41|0|0,00|0,00|0,00|295,58|35,48|0,00|0,00|0,00|4,28|19,77|0,00|0,00|
|C110|IC31||
|C170|1|170||1,00000|DI|13,45|2,51|0|051|1949|0000006973|10,94|17,00|1,31|0,00|0,00|0,00||||0,00|0,00|0,00|50|9,63|1,6500|0,000||0,16|50|9,63|7,6000|0,000||0,73|416||
|C170|2|1902||1,00000|DI|38,94|3,55|0|551|1949|0000006973|35,39|17,00|4,25|0,00|0,00|0,00||||0,00|0,00|0,00|50|31,14|1,6500|0,000||0,51|50|31,14|7,6000|0,000||2,37|416||
|C170|3|5662||1,00000|DI|31,18|4,47|0|051|1949|0000006973|26,71|17,00|3,21|0,00|0,00|0,00||||0,00|0,00|0,00|50|23,50|1,6500|0,000||0,39|50|23,50|7,6000|0,000||1,79|416||
|C170|4|7087||3,00000|UN|34,89|3,18|0|551|1949|0000006973|31,71|17,00|3,81|0,00|0,00|0,00||||0,00|0,00|0,00|50|27,90|1,6500|0,000||0,46|50|27,90|7,6000|0,000||2,12|416||
|C170|5|7812||1,00000|DI|38,94|3,55|0|251|1949|0000006973|35,39|17,00|4,25|0,00|0,00|0,00||||0,00|0,00|0,00|73|31,14|0,0000|0,000||0,00|73|31,14|0,0000|0,000||0,00|416||
|C170|6|9492||3,00000|UN|43,01|3,92|0|051|1949|0000006973|39,09|17,00|4,69|0,00|0,00|0,00||||0,00|0,00|0,00|50|34,40|1,6500|0,000||0,57|50|34,40|7,6000|0,000||2,61|416||
|C170|7|9757||1,00000|DI|25,04|2,28|0|051|1949|0000006973|22,76|17,00|2,73|0,00|0,00|0,00||||0,00|0,00|0,00|50|20,03|1,6500|0,000||0,33|50|20,03|7,6000|0,000||1,52|416||
|C170|8|10878||1,00000|CX|102,96|9,37|0|051|1949|0000006973|93,59|17,00|11,23|0,00|0,00|0,00||||0,00|0,00|0,00|50|82,36|1,6500|0,000||1,36|50|82,36|7,6000|0,000||6,26|416||
|C190|051|1949|17,00|193,09|193,09|23,17|0,00|0,00|0,00|0,00|28|
|C190|251|1949|17,00|35,39|35,39|4,25|0,00|0,00|0,00|0,00|28|
|C190|551|1949|17,00|67,10|67,10|8,06|0,00|0,00|0,00|0,00|28|
|C100|0|0|78522|55|00|002|2572451|43221093112282000108550020025724511746620613|31102022|31102022|146,62|2|6,98|0,00|153,60|0|0,00|0,00|0,00|118,21|20,10|0,00|0,00|0,00|2,42|11,16|0,00|0,00|
|C110|IC31||
|C170|1|170||1,00000|DI|14,71|2,51|0|000|1949|0000006973|12,20|17,00|2,07|0,00|0,00|0,00||||0,00|0,00|0,00|50|10,13|1,6500|0,000||0,17|50|10,13|7,6000|0,000||0,77|416||
|C170|2|4201||1,00000|DI|29,94|0,00|0|500|1949|0000006973|29,94|17,00|5,09|0,00|0,00|0,00||||0,00|0,00|0,00|50|24,85|1,6500|0,000||0,41|50|24,85|7,6000|0,000||1,89|416||
|C170|3|5662||1,00000|DI|34,03|4,47|0|000|1949|0000006973|29,56|17,00|5,03|0,00|0,00|0,00||||0,00|0,00|0,00|50|24,53|1,6500|0,000||0,40|50|24,53|7,6000|0,000||1,86|416||
|C170|4|6674||1,00000|DI|31,03|0,00|0|500|1949|0000006973|31,03|17,00|5,28|0,00|0,00|0,00||||0,00|0,00|0,00|50|25,75|1,6500|0,000||0,42|50|25,75|7,6000|0,000||1,96|416||
|C170|5|9570||1,00000|DI|15,48|0,00|0|500|1949|0000006973|15,48|17,00|2,63|0,00|0,00|0,00||||0,00|0,00|0,00|50|12,85|1,6500|0,000||0,21|50|12,85|7,6000|0,000||0,98|416||
|C170|6|9821||1,00000|DI|28,41|0,00|0|060|1949|0000006973|0,00|0,00|0,00|0,00|0,00|0,00||||0,00|0,00|0,00|50|28,41|1,6500|0,000||0,47|50|28,41|7,6000|0,000||2,16|416||
|C190|000|1949|17,00|41,76|41,76|7,10|0,00|0,00|0,00|0,00|28|
|C190|060|1949|0,00|28,41|0,00|0,00|0,00|0,00|0,00|0,00|28|
|C190|500|1949|17,00|76,45|76,45|13,00|0,00|0,00|0,00|0,00|28|
|C100|0|0|65452|55|00|002|2572452|43221093112282000108550020025724521123664572|31102022|31102022|261,35|2|0,00|0,00|261,35|0|0,00|0,00|0,00|189,90|22,79|0,00|0,00|0,00|2,66|12,25|0,00|0,00|
|C110|IC31||
|C170|1|2395||1,00000|DI|53,33|0,00|0|551|1949|0000006973|53,33|17,00|6,40|0,00|0,00|0,00||||0,00|0,00|0,00|50|46,93|1,6500|0,000||0,77|50|46,93|7,6000|0,000||3,57|416||
|C170|2|4202||1,00000|DI|27,05|0,00|0|551|1949|0000006973|27,05|17,00|3,25|0,00|0,00|0,00||||0,00|0,00|0,00|50|23,80|1,6500|0,000||0,39|50|23,80|7,6000|0,000||1,81|416||
|C170|3|6674||1,00000|DI|28,76|0,00|0|551|1949|0000006973|28,76|17,00|3,45|0,00|0,00|0,00||||0,00|0,00|0,00|50|25,31|1,6500|0,000||0,42|50|25,31|7,6000|0,000||1,92|416||
|C170|4|6676||3,00000|UN|27,76|0,00|0|351|1949|0000006973|27,76|17,00|3,33|0,00|0,00|0,00||||0,00|0,00|0,00|50|24,43|1,6500|0,000||0,40|50|24,43|7,6000|0,000||1,86|416||
|C170|5|9493||1,00000|DI|28,76|0,00|0|051|1949|0000006973|28,76|25,00|3,45|0,00|0,00|0,00||||0,00|0,00|0,00|73|25,31|0,0000|0,000||0,00|73|25,31|0,0000|0,000||0,00|416||
|C170|6|9757||1,00000|DI|24,24|0,00|0|051|1949|0000006973|24,24|17,00|2,91|0,00|0,00|0,00||||0,00|0,00|0,00|50|21,33|1,6500|0,000||0,35|50|21,33|7,6000|0,000||1,62|416||
|C170|7|11174||1,00000|CX|71,45|0,00|0|060|1949|0000006973|0,00|0,00|0,00|0,00|0,00|0,00||||0,00|0,00|0,00|73|71,45|0,0000|0,000||0,00|73|71,45|0,0000|0,000||0,00|416||
|C190|051|1949|17,00|24,24|24,24|2,91|0,00|0,00|0,00|0,00|28|
|C190|051|1949|25,00|28,76|28,76|3,45|0,00|0,00|0,00|0,00|28|
|C190|060|1949|0,00|71,45|0,00|0,00|0,00|0,00|0,00|0,00|28|
|C190|351|1949|17,00|27,76|27,76|3,33|0,00|0,00|0,00|0,00|28|
|C190|551|1949|17,00|109,14|109,14|13,10|0,00|0,00|0,00|0,00|28|
|C100|0|0|13138|55|00|002|2572453|43221093112282000108550020025724531505928533|31102022|31102022|1290,68|2|100,14|0,00|1390,82|0|0,00|0,00|0,00|1262,29|151,46|0,00|0,00|0,00|19,07|87,82|0,00|0,00|
|C110|IC31||
|C170|1|199||1,00000|DI|25,13|1,81|0|551|1949|0000006973|23,32|17,00|2,80|0,00|0,00|0,00||||0,00|0,00|0,00|50|20,52|1,6500|0,000||0,34|50|20,52|7,6000|0,000||1,56|416||
|C170|2|244||2,00000|DI|101,79|7,33|0|051|1949|0000006973|94,46|17,00|11,34|0,00|0,00|0,00||||0,00|0,00|0,00|50|83,12|1,6500|0,000||1,37|50|83,12|7,6000|0,000||6,32|416||
|C170|3|746||1,00000|DI|49,43|3,56|0|551|1949|0000006973|45,87|17,00|5,50|0,00|0,00|0,00||||0,00|0,00|0,00|50|40,37|1,6500|0,000||0,67|50|40,37|7,6000|0,000||3,07|416||
|C170|4|965||1,00000|CX|179,87|12,94|0|051|1949|0000006973|166,93|17,00|20,03|0,00|0,00|0,00||||0,00|0,00|0,00|50|146,90|1,6500|0,000||2,42|50|146,90|7,6000|0,000||11,16|416||
|C170|5|1902||3,00000|UN|38,91|2,80|0|551|1949|0000006973|36,11|17,00|4,33|0,00|0,00|0,00||||0,00|0,00|0,00|50|31,78|1,6500|0,000||0,52|50|31,78|7,6000|0,000||2,42|416||
|C170|6|2037||1,00000|DI|47,94|3,46|0|051|1949|0000006973|44,48|25,00|5,34|0,00|0,00|0,00||||0,00|0,00|0,00|73|39,14|0,0000|0,000||0,00|73|39,14|0,0000|0,000||0,00|416||
|C170|7|5662||1,00000|CX|149,98|10,80|0|051|1949|0000006973|139,18|17,00|16,70|0,00|0,00|0,00||||0,00|0,00|0,00|50|122,48|1,6500|0,000||2,02|50|122,48|7,6000|0,000||9,31|416||
|C170|8|6676||1,00000|DI|55,48|3,99|0|351|1949|0000006973|51,49|17,00|6,18|0,00|0,00|0,00||||0,00|0,00|0,00|50|45,31|1,6500|0,000||0,75|50|45,31|7,6000|0,000||3,44|416||
|C170|9|6678||1,00000|DI|64,77|4,66|0|551|1949|0000006973|60,11|17,00|7,21|0,00|0,00|0,00||||0,00|0,00|0,00|50|52,90|1,6500|0,000||0,87|50|52,90|7,6000|0,000||4,02|416||
|C170|10|7087||3,00000|UN|35,94|2,59|0|551|1949|0000006973|33,35|17,00|4,00|0,00|0,00|0,00||||0,00|0,00|0,00|50|29,35|1,6500|0,000||0,48|50|29,35|7,6000|0,000||2,23|416||
|C170|11|7725||1,00000|DI|84,26|6,07|0|551|1949|0000006973|78,19|17,00|9,38|0,00|0,00|0,00||||0,00|0,00|0,00|50|68,81|1,6500|0,000||1,14|50|68,81|7,6000|0,000||5,23|416||
|C170|12|8725||1,00000|DI|28,73|2,07|0|551|1949|0000006973|26,66|17,00|3,20|0,00|0,00|0,00||||0,00|0,00|0,00|50|23,46|1,6500|0,000||0,39|50|23,46|7,6000|0,000||1,78|416||
|C170|13|8741||1,00000|DI|39,16|2,82|0|551|1949|0000006973|36,34|17,00|4,36|0,00|0,00|0,00||||0,00|0,00|0,00|50|31,98|1,6500|0,000||0,53|50|31,98|7,6000|0,000||2,43|416||
|C170|14|8755||3,00000|UN|45,21|3,25|0|551|1949|0000006973|41,96|17,00|5,04|0,00|0,00|0,00||||0,00|0,00|0,00|50|36,92|1,6500|0,000||0,61|50|36,92|7,6000|0,000||2,81|416||
|C170|15|9398||2,00000|DI|24,51|1,77|0|051|1949|0000006973|22,74|17,00|2,73|0,00|0,00|0,00||||0,00|0,00|0,00|50|20,01|1,6500|0,000||0,33|50|20,01|7,6000|0,000||1,52|416||
|C170|16|10095||1,00000|DI|30,59|2,20|0|560|1949|0000006973|0,00|0,00|0,00|0,00|0,00|0,00||||0,00|0,00|0,00|50|28,39|1,6500|0,000||0,47|50|28,39|7,6000|0,000||2,16|416||
|C170|17|10711||2,00000|DI|97,69|7,04|0|351|1949|0000006973|90,65|25,00|10,88|0,00|0,00|0,00||||0,00|0,00|0,00|73|79,77|0,0000|0,000||0,00|73|79,77|0,0000|0,000||0,00|416||
|C170|18|10929||6,00000|UN|44,98|3,24|0|551|1949|0000006973|41,74|17,00|5,01|0,00|0,00|0,00||||0,00|0,00|0,00|50|36,73|1,6500|0,000||0,61|50|36,73|7,6000|0,000||2,79|416||
|C170|19|11012||3,00000|UN|47,97|3,46|0|251|1949|0000006973|44,51|17,00|5,34|0,00|0,00|0,00||||0,00|0,00|0,00|50|39,17|1,6500|0,000||0,65|50|39,17|7,6000|0,000||2,98|416||
|C170|20|11099||1,00000|CX|95,76|6,89|0|051|1949|0000006973|88,87|17,00|10,66|0,00|0,00|0,00||||0,00|0,00|0,00|50|78,21|1,6500|0,000||1,29|50|78,21|7,6000|0,000||5,94|416||
|C170|21|11104||1,00000|DI|11,34|0,81|0|051|1949|0000006973|10,53|17,00|1,26|0,00|0,00|0,00||||0,00|0,00|0,00|50|9,27|1,6500|0,000||0,15|50|9,27|7,6000|0,000||0,70|416||
|C170|22|11105||2,00000|DI|22,68|1,64|0|051|1949|0000006973|21,04|17,00|2,52|0,00|0,00|0,00||||0,00|0,00|0,00|50|18,52|1,6500|0,000||0,31|50|18,52|7,6000|0,000||1,41|416||
|C170|23|11107||1,00000|DI|11,34|0,81|0|051|1949|0000006973|10,53|17,00|1,26|0,00|0,00|0,00||||0,00|0,00|0,00|50|9,27|1,6500|0,000||0,15|50|9,27|7,6000|0,000||0,70|416||
|C170|24|11161||1,00000|CX|57,36|4,13|0|051|1949|0000006973|53,23|17,00|6,39|0,00|0,00|0,00||||0,00|0,00|0,00|50|46,84|1,6500|0,000||0,77|50|46,84|7,6000|0,000||3,56|416||
|C190|051|1949|17,00|607,51|607,51|72,89|0,00|0,00|0,00|0,00|28|
|C190|051|1949|25,00|44,48|44,48|5,34|0,00|0,00|0,00|0,00|28|
|C190|251|1949|17,00|44,51|44,51|5,34|0,00|0,00|0,00|0,00|28|
|C190|351|1949|17,00|51,49|51,49|6,18|0,00|0,00|0,00|0,00|28|
|C190|351|1949|25,00|90,65|90,65|10,88|0,00|0,00|0,00|0,00|28|
|C190|551|1949|17,00|423,65|423,65|50,83|0,00|0,00|0,00|0,00|28|
|C190|560|1949|0,00|28,39|0,00|0,00|0,00|0,00|0,00|0,00|28|
|C100|0|0|83415|55|00|002|2572454|43221093112282000108550020025724541528205730|31102022|31102022|295,63|2|15,72|0,00|311,35|0|0,00|0,00|0,00|295,63|35,48|0,00|0,00|0,00|4,88|22,47|0,00|0,00|
|C170|1|10373||3,00000|CX|311,35|15,72|0|051|1949|0000006973|295,63|17,00|35,48|0,00|0,00|0,00||||0,00|0,00|0,00|50|260,15|1,6500|0,000||4,29|50|260,15|7,6000|0,000||19,77|416||
|C190|051|1949|17,00|295,63|295,63|35,48|0,00|0,00|0,00|0,00|28|
|C100|0|0|83415|55|00|002|2572455|43221093112282000108550020025724551710361552|31102022|31102022|535,11|2|0,00|0,00|535,11|0|0,00|0,00|0,00|535,11|64,21|0,00|0,00|0,00|8,83|40,67|0,00|0,00|
|C170|1|4201||1,00000|CX|110,82|0,00|0|551|1949|0000006973|110,82|17,00|13,30|0,00|0,00|0,00||||0,00|0,00|0,00|50|97,52|1,6500|0,000||1,61|50|97,52|7,6000|0,000||7,41|416||
|C170|2|8741||1,00000|CX|158,77|0,00|0|551|1949|0000006973|158,77|17,00|19,05|0,00|0,00|0,00||||0,00|0,00|0,00|50|139,72|1,6500|0,000||2,31|50|139,72|7,6000|0,000||10,62|416||
|C170|3|10485||1,00000|CX|265,52|0,00|0|551|1949|0000006973|265,52|17,00|31,86|0,00|0,00|0,00||||0,00|0,00|0,00|50|233,66|1,6500|0,000||3,86|50|233,66|7,6000|0,000||17,76|416||
|C190|551|1949|17,00|535,11|535,11|64,21|0,00|0,00|0,00|0,00|28|
|C100|0|0|83415|55|00|002|2572456|43221093112282000108550020025724561583299168|31102022|31102022|17113,96|2|0,00|0,00|17113,96|0|0,00|0,00|0,00|17113,96|2053,72|0,00|0,00|0,00|282,40|1300,68|0,00|0,00|
|C110|IC31||
|C170|1|85||3,00000|DI|263,07|0,00|0|551|1949|0000006973|263,07|17,00|31,57|0,00|0,00|0,00||||0,00|0,00|0,00|50|231,50|1,6500|0,000||3,82|50|231,50|7,6000|0,000||17,59|416||
|C170|2|603||2,00000|CX|422,07|0,00|0|551|1949|0000006973|422,07|17,00|50,65|0,00|0,00|0,00||||0,00|0,00|0,00|50|371,42|1,6500|0,000||6,13|50|371,42|7,6000|0,000||28,23|416||
|C170|3|641||1,00000|CX|162,49|0,00|0|551|1949|0000006973|162,49|17,00|19,50|0,00|0,00|0,00||||0,00|0,00|0,00|50|142,99|1,6500|0,000||2,36|50|142,99|7,6000|0,000||10,87|416||
|C170|4|719||3,00000|CX|513,70|0,00|0|551|1949|0000006973|513,70|17,00|61,65|0,00|0,00|0,00||||0,00|0,00|0,00|50|452,05|1,6500|0,000||7,46|50|452,05|7,6000|0,000||34,36|416||
|C170|5|746||4,00000|CX|801,72|0,00|0|551|1949|0000006973|801,72|17,00|96,21|0,00|0,00|0,00||||0,00|0,00|0,00|50|705,51|1,6500|0,000||11,64|50|705,51|7,6000|0,000||53,62|416||
|C170|6|752||2,00000|CX|400,86|0,00|0|551|1949|0000006973|400,86|17,00|48,10|0,00|0,00|0,00||||0,00|0,00|0,00|50|352,76|1,6500|0,000||5,82|50|352,76|7,6000|0,000||26,81|416||
|C170|7|919||1,00000|CX|209,77|0,00|0|551|1949|0000006973|209,77|17,00|25,17|0,00|0,00|0,00||||0,00|0,00|0,00|50|184,60|1,6500|0,000||3,05|50|184,60|7,6000|0,000||14,03|416||
|C170|8|978||2,00000|CX|265,87|0,00|0|551|1949|0000006973|265,87|17,00|31,91|0,00|0,00|0,00||||0,00|0,00|0,00|50|233,96|1,6500|0,000||3,86|50|233,96|7,6000|0,000||17,78|416||
|C170|9|1681||1,00000|CX|239,88|0,00|0|351|1949|0000006973|239,88|17,00|28,79|0,00|0,00|0,00||||0,00|0,00|0,00|50|211,09|1,6500|0,000||3,48|50|211,09|7,6000|0,000||16,04|416||
|C170|10|1806||2,00000|CX|446,35|0,00|0|551|1949|0000006973|446,35|17,00|53,56|0,00|0,00|0,00||||0,00|0,00|0,00|50|392,79|1,6500|0,000||6,48|50|392,79|7,6000|0,000||29,85|416||
|C170|11|1809||4,00000|CX|1156,86|0,00|0|351|1949|0000006973|1156,86|17,00|138,83|0,00|0,00|0,00||||0,00|0,00|0,00|50|1018,03|1,6500|0,000||16,80|50|1018,03|7,6000|0,000||77,37|416||
|C170|12|2395||3,00000|CX|311,93|0,00|0|551|1949|0000006973|311,93|17,00|37,43|0,00|0,00|0,00||||0,00|0,00|0,00|50|274,50|1,6500|0,000||4,53|50|274,50|7,6000|0,000||20,86|416||
|C170|13|3308||3,00000|CX|455,52|0,00|0|551|1949|0000006973|455,52|17,00|54,66|0,00|0,00|0,00||||0,00|0,00|0,00|50|400,86|1,6500|0,000||6,61|50|400,86|7,6000|0,000||30,47|416||
|C170|14|3582||3,00000|CX|882,76|0,00|0|351|1949|0000006973|882,76|17,00|105,93|0,00|0,00|0,00||||0,00|0,00|0,00|50|776,83|1,6500|0,000||12,82|50|776,83|7,6000|0,000||59,04|416||
|C170|15|4202||1,00000|CX|110,82|0,00|0|551|1949|0000006973|110,82|17,00|13,30|0,00|0,00|0,00||||0,00|0,00|0,00|50|97,52|1,6500|0,000||1,61|50|97,52|7,6000|0,000||7,41|416||
|C170|16|4309||2,00000|CX|208,19|0,00|0|551|1949|0000006973|208,19|17,00|24,98|0,00|0,00|0,00||||0,00|0,00|0,00|50|183,21|1,6500|0,000||3,02|50|183,21|7,6000|0,000||13,92|416||
|C170|17|4536||10,00000|CX|867,63|0,00|0|551|1949|0000006973|867,63|17,00|104,12|0,00|0,00|0,00||||0,00|0,00|0,00|50|763,51|1,6500|0,000||12,60|50|763,51|7,6000|0,000||58,03|416||
|C170|18|4836||2,00000|CX|208,41|0,00|0|551|1949|0000006973|208,41|17,00|25,01|0,00|0,00|0,00||||0,00|0,00|0,00|50|183,40|1,6500|0,000||3,03|50|183,40|7,6000|0,000||13,94|416||
|C170|19|5068||1,00000|CX|171,23|0,00|0|551|1949|0000006973|171,23|17,00|20,55|0,00|0,00|0,00||||0,00|0,00|0,00|50|150,68|1,6500|0,000||2,49|50|150,68|7,6000|0,000||11,45|416||
|C170|20|5975||1,00000|DI|78,24|0,00|0|551|1949|0000006973|78,24|17,00|9,39|0,00|0,00|0,00||||0,00|0,00|0,00|50|68,85|1,6500|0,000||1,14|50|68,85|7,6000|0,000||5,23|416||
|C170|21|6674||2,00000|CX|218,41|0,00|0|551|1949|0000006973|218,41|17,00|26,21|0,00|0,00|0,00||||0,00|0,00|0,00|50|192,20|1,6500|0,000||3,17|50|192,20|7,6000|0,000||14,61|416||
|C170|22|6676||1,00000|CX|227,41|0,00|0|351|1949|0000006973|227,41|17,00|27,29|0,00|0,00|0,00||||0,00|0,00|0,00|50|200,12|1,6500|0,000||3,30|50|200,12|7,6000|0,000||15,21|416||
|C170|23|6678||2,00000|CX|531,05|0,00|0|551|1949|0000006973|531,05|17,00|63,73|0,00|0,00|0,00||||0,00|0,00|0,00|50|467,32|1,6500|0,000||7,71|50|467,32|7,6000|0,000||35,52|416||
|C170|24|6679||1,00000|CX|200,35|0,00|0|551|1949|0000006973|200,35|17,00|24,04|0,00|0,00|0,00||||0,00|0,00|0,00|50|176,31|1,6500|0,000||2,91|50|176,31|7,6000|0,000||13,40|416||
|C170|25|6878||12,00000|CX|1661,36|0,00|0|051|1949|0000006973|1661,36|17,00|199,37|0,00|0,00|0,00||||0,00|0,00|0,00|50|1461,99|1,6500|0,000||24,12|50|1461,99|7,6000|0,000||111,11|416||
|C170|26|6963||1,00000|DI|78,24|0,00|0|551|1949|0000006973|78,24|17,00|9,39|0,00|0,00|0,00||||0,00|0,00|0,00|50|68,85|1,6500|0,000||1,14|50|68,85|7,6000|0,000||5,23|416||
|C170|27|7060||1,00000|CX|224,72|0,00|0|551|1949|0000006973|224,72|17,00|26,97|0,00|0,00|0,00||||0,00|0,00|0,00|50|197,75|1,6500|0,000||3,26|50|197,75|7,6000|0,000||15,03|416||
|C170|28|7384||1,00000|CX|208,48|0,00|0|351|1949|0000006973|208,48|17,00|25,02|0,00|0,00|0,00||||0,00|0,00|0,00|50|183,46|1,6500|0,000||3,03|50|183,46|7,6000|0,000||13,94|416||
|C170|29|8709||1,00000|CX|115,61|0,00|0|551|1949|0000006973|115,61|17,00|13,87|0,00|0,00|0,00||||0,00|0,00|0,00|50|101,74|1,6500|0,000||1,68|50|101,74|7,6000|0,000||7,73|416||
|C170|30|8725||1,00000|CX|109,20|0,00|0|551|1949|0000006973|109,20|17,00|13,10|0,00|0,00|0,00||||0,00|0,00|0,00|50|96,10|1,6500|0,000||1,59|50|96,10|7,6000|0,000||7,30|416||
|C170|31|8739||1,00000|CX|109,20|0,00|0|551|1949|0000006973|109,20|17,00|13,10|0,00|0,00|0,00||||0,00|0,00|0,00|50|96,10|1,6500|0,000||1,59|50|96,10|7,6000|0,000||7,30|416||
|C170|32|8740||1,00000|CX|109,20|0,00|0|551|1949|0000006973|109,20|17,00|13,10|0,00|0,00|0,00||||0,00|0,00|0,00|50|96,10|1,6500|0,000||1,59|50|96,10|7,6000|0,000||7,30|416||
|C170|33|8744||2,00000|CX|304,72|0,00|0|551|1949|0000006973|304,72|17,00|36,57|0,00|0,00|0,00||||0,00|0,00|0,00|50|268,15|1,6500|0,000||4,42|50|268,15|7,6000|0,000||20,38|416||
|C170|34|8755||1,00000|CX|366,65|0,00|0|551|1949|0000006973|366,65|17,00|44,00|0,00|0,00|0,00||||0,00|0,00|0,00|50|322,65|1,6500|0,000||5,32|50|322,65|7,6000|0,000||24,52|416||
|C170|35|8756||1,00000|CX|366,65|0,00|0|551|1949|0000006973|366,65|17,00|44,00|0,00|0,00|0,00||||0,00|0,00|0,00|50|322,65|1,6500|0,000||5,32|50|322,65|7,6000|0,000||24,52|416||
|C170|36|9491||1,00000|CX|115,61|0,00|0|051|1949|0000006973|115,61|17,00|13,87|0,00|0,00|0,00||||0,00|0,00|0,00|50|101,74|1,6500|0,000||1,68|50|101,74|7,6000|0,000||7,73|416||
|C170|37|9757||2,00000|CX|397,21|0,00|0|051|1949|0000006973|397,21|17,00|47,67|0,00|0,00|0,00||||0,00|0,00|0,00|50|349,54|1,6500|0,000||5,77|50|349,54|7,6000|0,000||26,57|416||
|C170|38|9759||4,00000|CX|579,16|0,00|0|051|1949|0000006973|579,16|17,00|69,50|0,00|0,00|0,00||||0,00|0,00|0,00|50|509,66|1,6500|0,000||8,41|50|509,66|7,6000|0,000||38,73|416||
|C170|39|9760||4,00000|CX|578,47|0,00|0|051|1949|0000006973|578,47|17,00|69,42|0,00|0,00|0,00||||0,00|0,00|0,00|50|509,05|1,6500|0,000||8,40|50|509,05|7,6000|0,000||38,69|416||
|C170|40|9762||3,00000|CX|433,86|0,00|0|051|1949|0000006973|433,86|17,00|52,06|0,00|0,00|0,00||||0,00|0,00|0,00|50|381,80|1,6500|0,000||6,30|50|381,80|7,6000|0,000||29,02|416||
|C170|41|10803||1,00000|CX|207,97|0,00|0|551|1949|0000006973|207,97|17,00|24,96|0,00|0,00|0,00||||0,00|0,00|0,00|50|183,01|1,6500|0,000||3,02|50|183,01|7,6000|0,000||13,91|416||
|C170|42|10860||1,00000|CX|141,64|0,00|0|551|1949|0000006973|141,64|17,00|17,00|0,00|0,00|0,00||||0,00|0,00|0,00|50|124,64|1,6500|0,000||2,06|50|124,64|7,6000|0,000||9,47|416||
|C170|43|10926||2,00000|CX|285,28|0,00|0|551|1949|0000006973|285,28|17,00|34,23|0,00|0,00|0,00||||0,00|0,00|0,00|50|251,05|1,6500|0,000||4,14|50|251,05|7,6000|0,000||19,08|416||
|C170|44|10927||1,00000|CX|142,64|0,00|0|551|1949|0000006973|142,64|17,00|17,12|0,00|0,00|0,00||||0,00|0,00|0,00|50|125,52|1,6500|0,000||2,07|50|125,52|7,6000|0,000||9,54|416||
|C170|45|11118||10,00000|CX|1223,50|0,00|0|551|1949|0000006973|1223,50|17,00|146,82|0,00|0,00|0,00||||0,00|0,00|0,00|50|1076,68|1,6500|0,000||17,77|50|1076,68|7,6000|0,000||81,83|416||
|C190|051|1949|17,00|3765,67|3765,67|451,89|0,00|0,00|0,00|0,00|28|
|C190|351|1949|17,00|2715,39|2715,39|325,86|0,00|0,00|0,00|0,00|28|
|C190|551|1949|17,00|10632,90|10632,90|1275,97|0,00|0,00|0,00|0,00|28|
|C100|0|0|72156|55|00|002|2572458|43221093112282000108550020025724581325488434|31102022|31102022|27,72|2|0,00|0,00|27,72|0|0,00|0,00|0,00|27,72|3,33|0,00|0,00|0,00|0,46|2,11|0,00|0,00|
|C170|1|494||1,00000|DI|27,72|0,00|0|051|1202|0000001202|27,72|17,00|3,33|0,00|0,00|0,00||||0,00|0,00|0,00|50|24,39|1,6500|0,000||0,40|50|24,39|7,6000|0,000||1,85|416||
|C190|051|1202|17,00|27,72|27,72|3,33|0,00|0,00|0,00|0,00||
|C100|0|1|39880|55|00|002|2286353|43221009216620000137550020022863531877553782|28102022|31102022|1125,12|2|0,00|0,00|1125,50|0|0,00|0,00|0,00|1125,12|135,02|0,00|0,00|0,00|18,56|85,51|0,00|0,00|
|C110|NFR1||
|C113|1|0|39880|55|2||2570785|27102022|43221093112282000108550020025707851946618626|
|C170|1|6160||96,00000|UN|1125,12|0,00|0|551|1202|0000001202|1125,12|17,00|135,02|0,00|0,00|0,00||||0,00|0,00|0,00|50|990,10|1,6500|0,000||16,34|50|990,10|7,6000|0,000||75,25|416||
|C190|551|1202|17,00|1125,12|1125,12|135,02|0,00|0,00|0,00|0,00||
|C100|0|0|63305|55|00|002|2572460|43221093112282000108550020025724601270876460|31102022|31102022|136,62|2|0,00|0,00|136,62|0|0,00|0,00|0,00|0,00|0,00|0,00|0,00|0,00|0,00|0,00|0,00|0,00|
|C170|1|11128||18,00000|UN|136,62|0,00|0|560|1411|0000001202|0,00|0,00|0,00|0,00|0,00|0,00||||0,00|0,00|0,00|73|136,62|0,0000|0,000||0,00|73|136,62|0,0000|0,000||0,00|416||
|C190|560|1411|0,00|136,62|0,00|0,00|0,00|0,00|0,00|0,00||
|C100|0|0|77679|55|00|002|2572462|43221093112282000108550020025724621716680239|31102022|31102022|17,00|2|0,00|0,00|17,00|0|0,00|0,00|0,00|17,00|2,04|0,00|0,00|0,00|0,28|1,29|0,00|0,00|
|C170|1|9080||1,00000|UN|17,00|0,00|0|051|1202|0000001202|17,00|17,00|2,04|0,00|0,00|0,00||||0,00|0,00|0,00|50|14,96|1,6500|0,000||0,25|50|14,96|7,6000|0,000||1,14|416||
|C190|051|1202|17,00|17,00|17,00|2,04|0,00|0,00|0,00|0,00||
|C100|0|1|86265|55|00|000|3853|43221092091891005116550000000038531174966480|28102022|31102022|82,00|2|0,00|0,00|82,00|0|0,00|0,00|0,00|82,00|9,84|0,00|0,00|0,00|1,35|6,23|0,00|0,00|
|C110|IC31||
|C110|NFR1||
|C113|1|0|86265|55|2||2570249|26102022|43221093112282000108550020025702491216128993|
|C170|1|10330||1,00000|CX|82,00|0,00|0|551|1202|0000001202|82,00|17,00|9,84|0,00|0,00|0,00||||0,00|0,00|0,00|50|72,16|1,6500|0,000||1,19|50|72,16|7,6000|0,000||5,48|416||
|C190|551|1202|17,00|82,00|82,00|9,84|0,00|0,00|0,00|0,00||
|C100|0|0|82214|55|00|002|2572775|43221093112282000108550020025727751689839915|31102022|31102022|185,01|2|0,00|0,00|185,01|0|0,00|0,00|0,00|185,01|31,45|0,00|0,00|0,00|3,05|14,06|0,00|0,00|
|C170|1|10437||1,00000|CX|185,01|0,00|0|500|1202|0000001202|185,01|17,00|31,45|0,00|0,00|0,00||||0,00|0,00|0,00|50|153,56|1,6500|0,000||2,53|50|153,56|7,6000|0,000||11,67|416||
|C190|500|1202|17,00|185,01|185,01|31,45|0,00|0,00|0,00|0,00||
|C100|0|0|7000|55|08|002|2576473|43221093112282000108550020025764731104712980|31102022|31102022|0,00|2|0,00|0,00|0,00|0|0,00|0,00|0,00|0,00|0,00|0,00|0,00|0,00|0,00|0,00|0,00|0,00|
|C190|000|1603|0,00|0,00|0,00|0,00|0,00|0,00|0,00|0,00||
|C195|26||
|C197|RS10000406|||0,00||1808657,20||
|C100|0|0|7000|55|08|002|2577288|43221093112282000108550020025772881634611835|31102022|31102022|0,00|2|0,00|0,00|0,00|0|0,00|0,00|0,00|0,00|0,00|0,00|0,00|0,00|0,00|0,00|0,00|0,00|
|C190|000|1603|0,00|0,00|0,00|0,00|0,00|0,00|0,00|0,00||
|C195|26||
|C197|RS10000406|||0,00||304150,74||
|C990|466|
|D001|0|
|D100|0|1|76930|57|00|2||1981964|43221007646231000116570020019819641750509620|31102022|31102022|0||698,60|0,00|0|698,60|0,00|0,00|698,60||638|4314902|4314407|
|D190|040|1353|0,00|698,60|0,00|0,00|0,00||
|D100|0|1|76930|57|00|2||1981967|43221007646231000116570020019819671112475544|31102022|31102022|0||786,98|0,00|0|786,98|0,00|0,00|786,98||638|4314902|4314407|
|D190|040|1353|0,00|786,98|0,00|0,00|0,00||
|D100|0|1|76930|57|00|2||1981969|43221007646231000116570020019819691385900375|31102022|31102022|0||493,57|0,00|0|493,57|0,00|0,00|493,57||638|4314902|4314407|
|D190|040|1353|0,00|493,57|0,00|0,00|0,00||
|D100|0|1|76930|57|00|2||1981965|43221007646231000116570020019819651431075263|31102022|31102022|0||704,02|0,00|0|704,02|0,00|0,00|704,02||638|4314902|4314407|
|D190|040|1353|0,00|704,02|0,00|0,00|0,00||
|D100|0|1|76930|57|00|2||1981966|43221007646231000116570020019819661608498073|31102022|31102022|0||1205,55|0,00|0|1205,55|0,00|0,00|1205,55||638|4314902|4314407|
|D190|040|1353|0,00|1205,55|0,00|0,00|0,00||
|D100|0|1|17058|57|00|1||69|43221002736281000170570010000000691100030901|27102022|27102022|0||24947,16|0,00|0|24947,16|0,00|0,00|24947,16||638|4314902|4314902|
|D190|040|1353|0,00|24947,16|0,00|0,00|0,00||
|D100|0|1|42398|57|00|1||75|43221010308031000168570010000000751724043655|26102022|26102022|0||12995,30|0,00|0|12995,30|0,00|0,00|12995,30||638|4314902|4314902|
|D190|040|1353|0,00|12995,30|0,00|0,00|0,00||
|D100|0|1|64075|57|00|1||85|43221023661264000191570010000000851450900162|27102022|27102022|0||15131,25|0,00|0|15131,25|0,00|0,00|15131,25||638|4314902|4314902|
|D190|040|1353|0,00|15131,25|0,00|0,00|0,00||
|D100|0|1|79663|57|00|1||39|43221035140761000123570010000000391000004568|27102022|27102022|0||12487,10|0,00|0|12487,10|0,00|0,00|12487,10||638|4314902|4314902|
|D190|040|1353|0,00|12487,10|0,00|0,00|0,00||
|D100|0|1|17055|57|00|1||92|43221005145773000180570010000000921000001087|27102022|27102022|0||10764,28|0,00|0|10764,28|0,00|0,00|10764,28||638|4314902|4314902|
|D190|040|1353|0,00|10764,28|0,00|0,00|0,00||
|D100|0|1|72860|57|00|1||62|43221007728076000187570010000000621405042103|27102022|27102022|0||35767,45|0,00|0|35767,45|0,00|0,00|35767,45||638|4314902|4314902|
|D190|040|1353|0,00|35767,45|0,00|0,00|0,00||
|D100|0|1|77864|57|00|1||42|43221022915226000155570010000000421523300201|28102022|28102022|0||24974,00|0,00|0|24974,00|0,00|0,00|24974,00||638|4314902|4314902|
|D190|040|1353|0,00|24974,00|0,00|0,00|0,00||
|D100|0|1|69729|57|00|0||3217|43221001476268000167570000000032171000028230|31102022|31102022|0||58758,22|0,00|0|58758,22|0,00|0,00|58758,22||638|4314902|4303509|
|D190|040|1353|0,00|58758,22|0,00|0,00|0,00||
|D100|0|1|73108|57|00|1||67|43221024219476000186570010000000671000300003|26102022|26102022|0||14117,99|0,00|0|14117,99|0,00|0,00|14117,99||638|4314902|4314902|
|D190|040|1353|0,00|14117,99|0,00|0,00|0,00||
|D100|0|1|35769|57|00|1||108|43221006174180000104570010000001081080000604|27102022|27102022|0||23026,68|0,00|0|23026,68|0,00|0,00|23026,68||638|4314902|4314902|
|D190|040|1353|0,00|23026,68|0,00|0,00|0,00||
|D100|0|1|64063|57|00|1||87|43221022812956000120570010000000871006004003|27102022|27102022|0||12914,21|0,00|0|12914,21|0,00|0,00|12914,21||638|4314902|4314902|
|D190|040|1353|0,00|12914,21|0,00|0,00|0,00||
|D100|0|1|75949|57|00|1||102|43221030397425000147570010000001021060003041|26102022|26102022|0||10996,09|0,00|0|10996,09|0,00|0,00|10996,09||638|4314902|4314902|
|D190|040|1353|0,00|10996,09|0,00|0,00|0,00||
|D100|0|1|56514|57|00|1||67|43221009149815000101570010000000671445085008|27102022|27102022|0||16821,31|0,00|0|16821,31|0,00|0,00|16821,31||638|4314902|4314902|
|D190|040|1353|0,00|16821,31|0,00|0,00|0,00||
|D100|0|1|62227|57|00|1||101|43221020916170000128570010000001011020038222|27102022|27102022|0||20015,70|0,00|0|20015,70|0,00|0,00|20015,70||638|4314902|4314902|
|D190|040|1353|0,00|20015,70|0,00|0,00|0,00||
|D100|0|1|80066|57|00|1||33|43221037097205000147570010000000331000000004|28102022|28102022|0||34165,64|0,00|0|34165,64|0,00|0,00|34165,64||638|4314902|4314902|
|D190|040|1353|0,00|34165,64|0,00|0,00|0,00||
|D100|0|1|35824|57|00|1||110|43221008486172000129570010000001101000970000|31102022|31102022|0||11768,73|0,00|0|11768,73|0,00|0,00|11768,73||638|4314902|4314902|
|D190|040|1353|0,00|11768,73|0,00|0,00|0,00||
|D100|0|1|49488|57|00|1||53|43221010570652000115570010000000531030108870|27102022|27102022|0||12676,92|0,00|0|12676,92|0,00|0,00|12676,92||638|4314902|4314902|
|D190|040|1353|0,00|12676,92|0,00|0,00|0,00||
|D100|0|1|58982|57|00|1||67|43221019080523000113570010000000671023503476|26102022|26102022|0||15882,90|0,00|0|15882,90|0,00|0,00|15882,90||638|4314902|4314803|
|D190|040|1353|0,00|15882,90|0,00|0,00|0,00||
|D100|0|1|63419|57|00|1||66|43221023215177000100570010000000661732220497|27102022|27102022|0||13118,97|0,00|0|13118,97|0,00|0,00|13118,97||638|4314902|4314902|
|D190|040|1353|0,00|13118,97|0,00|0,00|0,00||
|D100|0|1|66012|57|00|1||24|43221026724905000106570010000000241300380501|27102022|27102022|0||12994,40|0,00|0|12994,40|0,00|0,00|12994,40||638|4314902|4314902|
|D190|040|1353|0,00|12994,40|0,00|0,00|0,00||
|D100|0|1|50459|57|00|0||7|43221011255295000163570000000000071150327710|27102022|27102022|0||15722,91|0,00|0|15722,91|0,00|0,00|15722,91||638|4314902|4314902|
|D190|040|1353|0,00|15722,91|0,00|0,00|0,00||
|D100|0|1|56780|57|00|1||111|43221007552569000109570010000001111184930097|27102022|27102022|0||30043,63|0,00|0|30043,63|0,00|0,00|30043,63||638|4314902|4314902|
|D190|040|1353|0,00|30043,63|0,00|0,00|0,00||
|D100|0|1|59601|57|00|1||114|43221008809734000128570010000001141031800951|27102022|27102022|0||16887,67|0,00|0|16887,67|0,00|0,00|16887,67||638|4314902|4314902|
|D190|040|1353|0,00|16887,67|0,00|0,00|0,00||
|D100|0|1|59823|57|00|1||110|43221019776876000152570010000001101504000080|27102022|27102022|0||22454,01|0,00|0|22454,01|0,00|0,00|22454,01||638|4314902|4314902|
|D190|040|1353|0,00|22454,01|0,00|0,00|0,00||
|D100|0|1|83475|57|00|1||16|43221041881807000168570010000000161038250700|28102022|28102022|0||16490,62|0,00|0|16490,62|0,00|0,00|16490,62||638|4314902|4314902|
|D190|040|1353|0,00|16490,62|0,00|0,00|0,00||
|D100|0|1|77899|57|00|1||47|43221033369726000155570010000000471000000470|28102022|28102022|0||13436,48|0,00|0|13436,48|0,00|0,00|13436,48||638|4314902|4314902|
|D190|040|1353|0,00|13436,48|0,00|0,00|0,00||
|D100|0|1|88123|57|00|0||22|43221042626342000161570000000000221000000296|31102022|31102022|0||9746,98|0,00|0|9746,98|0,00|0,00|9746,98||638|4314902|4301602|
|D190|040|1353|0,00|9746,98|0,00|0,00|0,00||
|D990|66|
|E001|0|
|E100|31102022|31102022|
|E110|0,00|0,00|0,00|0,00|2118594,03|2112807,94|0,00|0,00|0,00|0,00|0,00|0,00|4231401,97|2,50|
|E115|RS013091|49351,68||
|E115|RS013092|1345,00||
|E116|000|0,00|31102022|0221|||||102022|
|E990|7|
|G001|1|
|G990|2|
|H001|1|
|H990|2|
|K001|0|
|K100|31102022|31102022|
|K200|31102022|10639|4,000|0||
|K200|31102022|11049|33,000|0||
|K200|31102022|7019|20,000|0||
|K200|31102022|488|6,000|0||
|K200|31102022|7422|2,000|0||
|K200|31102022|4069|358,000|0||
|K200|31102022|435|99,000|0||
|K200|31102022|762|28,000|0||
|K200|31102022|10610|7,000|0||
|K200|31102022|10681|555,000|0||
|K200|31102022|9101|105,000|0||
|K200|31102022|10323|6,000|0||
|K200|31102022|6185|66,000|0||
|K200|31102022|10515|9,000|0||
|K200|31102022|10460|183,000|0||
|K200|31102022|9763|20,000|0||
|K200|31102022|10895|35,000|0||
|K200|31102022|9846|78,000|0||
|K200|31102022|11153|366,000|0||
|K200|31102022|10362|125,000|0||
|K200|31102022|1676|93,000|0||
|K200|31102022|4202|329,000|0||
|K200|31102022|10335|14,000|0||
|K200|31102022|4686|15,000|0||
|K200|31102022|11180|703,000|0||
|K200|31102022|10916|72,000|0||
|K200|31102022|774|15,000|0||
|K200|31102022|11109|5,000|0||
|K200|31102022|9619|39,000|0||
|K200|31102022|10465|107,000|0||
|K200|31102022|3036|12,000|0||
|K200|31102022|8714|2,000|0||
|K200|31102022|6416|90,000|0||
|K200|31102022|9844|52,000|0||
|K200|31102022|9491|86,000|0||
|K200|31102022|6749|1,000|0||
|K200|31102022|10318|2,000|0||
|K200|31102022|9333|33,000|0||
|K200|31102022|10998|63,000|0||
|K200|31102022|6746|1,000|0||
|K200|31102022|10609|14,000|0||
|K200|31102022|10062|5,000|0||
|K200|31102022|6854|1,000|0||
|K200|31102022|1269|52,000|0||
|K200|31102022|7155|130,000|0||
|K200|31102022|9219|1072,000|0||
|K200|31102022|10247|6,000|0||
|K200|31102022|9483|15,000|0||
|K200|31102022|712|11,000|0||
|K200|31102022|10889|13,000|0||
|K200|31102022|10896|2,000|0||
|K200|31102022|10056|9,000|0||
|K200|31102022|9493|409,000|0||
|K200|31102022|11056|6,000|0||
|K200|31102022|6414|112,000|0||
|K200|31102022|9838|16,000|0||
|K200|31102022|10331|56,000|0||
|K200|31102022|5072|12,000|0||
|K200|31102022|4161|5,000|0||
|K200|31102022|9768|12,000|0||
|K200|31102022|11246|59,000|0||
|K200|31102022|5156|7,000|0||
|K200|31102022|9080|34,000|0||
|K200|31102022|8823|1,000|0||
|K200|31102022|10259|106,000|0||
|K200|31102022|10601|33,000|0||
|K200|31102022|11104|78,000|0||
|K200|31102022|10468|34,000|0||
|K200|31102022|11072|16,000|0||
|K200|31102022|6676|510,000|0||
|K200|31102022|11119|130,000|0||
|K200|31102022|9299|3,000|0||
|K200|31102022|24|8,000|0||
|K200|31102022|1909|101,000|0||
|K200|31102022|7204|13,000|0||
|K200|31102022|965|606,000|0||
|K200|31102022|10519|18,000|0||
|K200|31102022|7979|1,000|0||
|K200|31102022|10457|49,000|0||
|K200|31102022|9539|169,000|0||
|K200|31102022|8024|27,000|0||
|K200|31102022|10183|4,000|0||
|K200|31102022|11135|6,000|0||
|K200|31102022|4164|8,000|0||
|K200|31102022|9551|33,000|0||
|K200|31102022|10721|9,000|0||
|K200|31102022|10688|159,000|0||
|K200|31102022|9766|11,000|0||
|K200|31102022|10442|8,000|0||
|K200|31102022|10483|13,000|0||
|K200|31102022|11030|10,000|0||
|K200|31102022|9281|3,000|0||
|K200|31102022|9632|72,000|0||
|K200|31102022|11038|1,000|0||
|K200|31102022|10256|194,000|0||
|K200|31102022|7519|96,000|0||
|K200|31102022|4149|182,000|0||
|K200|31102022|8230|60,000|0||
|K200|31102022|9936|30,000|0||
|K200|31102022|10467|121,000|0||
|K200|31102022|479|40,000|0||
|K200|31102022|4687|11,000|0||
|K200|31102022|8251|183,000|0||
|K200|31102022|11244|1,000|0||
|K200|31102022|10133|246,000|0||
|K200|31102022|10976|8,000|0||
|K200|31102022|9836|21,000|0||
|K200|31102022|957|16,000|0||
|K200|31102022|3757|65,000|0||
|K200|31102022|11251|152,000|0||
|K200|31102022|3908|1,000|0||
|K200|31102022|10098|11,000|0||
|K200|31102022|10770|8,000|0||
|K200|31102022|9630|19,000|0||
|K200|31102022|992|2,000|0||
|K200|31102022|5566|13,000|0||
|K200|31102022|804|21,000|0||
|K200|31102022|8086|312,000|0||
|K200|31102022|10816|9,000|0||
|K200|31102022|10063|8,000|0||
|K200|31102022|5266|54,000|0||
|K200|31102022|11022|124,000|0||
|K200|31102022|6802|1,000|0||
|K200|31102022|8208|19,000|0||
|K200|31102022|10481|5,000|0||
|K200|31102022|7755|11,000|0||
|K200|31102022|7719|8,000|0||
|K200|31102022|9495|164,000|0||
|K200|31102022|4148|25,000|0||
|K200|31102022|5507|55,000|0||
|K200|31102022|803|25,000|0||
|K200|31102022|7065|42,000|0||
|K200|31102022|6541|2,000|0||
|K200|31102022|11031|3,000|0||
|K200|31102022|6645|7,000|0||
|K200|31102022|7185|117,000|0||
|K200|31102022|7015|8,000|0||
|K200|31102022|6058|269,000|0||
|K200|31102022|11208|36,000|0||
|K200|31102022|11122|14,000|0||
|K200|31102022|3582|62,000|0||
|K200|31102022|10328|301,000|0||
|K200|31102022|9220|655,000|0||
|K200|31102022|11164|27,000|0||
|K200|31102022|6324|3,000|0||
|K200|31102022|6737|4,000|0||
|K200|31102022|5190|302,000|0||
|K200|31102022|7386|140,000|0||
|K200|31102022|10099|6,000|0||
|K200|31102022|3829|6,000|0||
|K200|31102022|11012|10,000|0||
|K200|31102022|995|2,000|0||
|K200|31102022|9503|536,000|0||
|K200|31102022|8199|2,000|0||
|K200|31102022|11158|94,000|0||
|K200|31102022|4071|2,000|0||
|K200|31102022|11196|101,000|0||
|K200|31102022|10068|1,000|0||
|K200|31102022|9372|12,000|0||
|K200|31102022|5209|238,000|0||
|K200|31102022|10295|17,000|0||
|K200|31102022|11127|8,000|0||
|K200|31102022|4989|4,000|0||
|K200|31102022|6950|14,000|0||
|K200|31102022|10808|1,000|0||
|K200|31102022|10644|2,000|0||
|K200|31102022|10677|155,000|0||
|K200|31102022|494|271,000|0||
|K200|31102022|5225|50,000|0||
|K200|31102022|5975|116,000|0||
|K200|31102022|928|22,000|0||
|K200|31102022|3711|1,000|0||
|K200|31102022|6945|420,000|0||
|K200|31102022|6436|14,000|0||
|K200|31102022|9386|7,000|0||
|K200|31102022|753|86,000|0||
|K200|31102022|9388|985,000|0||
|K200|31102022|979|66,000|0||
|K200|31102022|819|99,000|0||
|K200|31102022|4458|741,000|0||
|K200|31102022|11102|833,000|0||
|K200|31102022|10284|81,000|0||
|K200|31102022|735|7,000|0||
|K200|31102022|9754|42,000|0||
|K200|31102022|9034|116,000|0||
|K200|31102022|6427|40,000|0||
|K200|31102022|5210|200,000|0||
|K200|31102022|7004|14,000|0||
|K200|31102022|11232|1,000|0||
|K200|31102022|7027|12,000|0||
|K200|31102022|18|47,000|0||
|K200|31102022|1311|70,000|0||
|K200|31102022|10513|107,000|0||
|K200|31102022|10772|13,000|0||
|K200|31102022|11252|163,000|0||
|K200|31102022|983|26,000|0||
|K200|31102022|7535|6,000|0||
|K200|31102022|9057|4,000|0||
|K200|31102022|10097|28,000|0||
|K200|31102022|9431|245,000|0||
|K200|31102022|11243|1108,000|0||
|K200|31102022|11211|1,000|0||
|K200|31102022|4536|790,000|0||
|K200|31102022|4103|34,000|0||
|K200|31102022|10463|128,000|0||
|K200|31102022|6978|2,000|0||
|K200|31102022|6807|11,000|0||
|K200|31102022|10336|1,000|0||
|K200|31102022|11028|1,000|0||
|K200|31102022|8147|30,000|0||
|K200|31102022|9813|129,000|0||
|K200|31102022|10172|12,000|0||
|K200|31102022|11154|101,000|0||
|K200|31102022|11192|250,000|0||
|K200|31102022|9213|5,000|0||
|K200|31102022|8278|26,000|0||
|K200|31102022|7060|91,000|0||
|K200|31102022|9913|8,000|0||
|K200|31102022|9624|10,000|0||
|K200|31102022|5384|157,000|0||
|K200|31102022|6958|8,000|0||
|K200|31102022|7712|16,000|0||
|K200|31102022|7752|13,000|0||
|K200|31102022|11181|549,000|0||
|K200|31102022|10171|15,000|0||
|K200|31102022|10884|16,000|0||
|K200|31102022|9310|10,000|0||
|K200|31102022|3070|419,000|0||
|K200|31102022|908|15,000|0||
|K200|31102022|978|162,000|0||
|K200|31102022|3467|484,000|0||
|K200|31102022|6360|3,000|0||
|K200|31102022|11156|73,000|0||
|K200|31102022|103|37,000|0||
|K200|31102022|584|105,000|0||
|K200|31102022|8788|93,000|0||
|K200|31102022|11220|37,000|0||
|K200|31102022|8725|421,000|0||
|K200|31102022|4698|110,000|0||
|K200|31102022|10288|31,000|0||
|K200|31102022|9605|29,000|0||
|K200|31102022|8084|31,000|0||
|K200|31102022|4157|33,000|0||
|K200|31102022|944|11,000|0||
|K200|31102022|6804|50,000|0||
|K200|31102022|1806|49,000|0||
|K200|31102022|244|429,000|0||
|K200|31102022|10560|75,000|0||
|K200|31102022|6678|169,000|0||
|K200|31102022|7542|13,000|0||
|K200|31102022|572|2,000|0||
|K200|31102022|5855|13,000|0||
|K200|31102022|10710|58,000|0||
|K200|31102022|489|26,000|0||
|K200|31102022|8083|25,000|0||
|K200|31102022|7769|147,000|0||
|K200|31102022|9760|21,000|0||
|K200|31102022|742|232,000|0||
|K200|31102022|9502|124,000|0||
|K200|31102022|9584|209,000|0||
|K200|31102022|7157|9,000|0||
|K200|31102022|10731|3,000|0||
|K200|31102022|3130|148,000|0||
|K200|31102022|476|170,000|0||
|K200|31102022|10294|19,000|0||
|K200|31102022|10373|403,000|0||
|K200|31102022|11064|42,000|0||
|K200|31102022|1087|20,000|0||
|K200|31102022|4838|47,000|0||
|K200|31102022|9673|52,000|0||
|K200|31102022|4142|210,000|0||
|K200|31102022|8742|912,000|0||
|K200|31102022|9437|109,000|0||
|K200|31102022|9467|18,000|0||
|K200|31102022|1809|20,000|0||
|K200|31102022|85|2,000|0||
|K200|31102022|8224|36,000|0||
|K200|31102022|11108|4,000|0||
|K200|31102022|10981|11,000|0||
|K200|31102022|9373|7,000|0||
|K200|31102022|11157|90,000|0||
|K200|31102022|9554|5,000|0||
|K200|31102022|8087|88,000|0||
|K200|31102022|11173|1776,000|0||
|K200|31102022|11179|1192,000|0||
|K200|31102022|11174|5279,000|0||
|K200|31102022|9934|4,000|0||
|K200|31102022|10975|11,000|0||
|K200|31102022|4068|115,000|0||
|K200|31102022|4528|5,000|0||
|K200|31102022|2391|67,000|0||
|K200|31102022|8712|401,000|0||
|K200|31102022|1154|186,000|0||
|K200|31102022|10321|1399,000|0||
|K200|31102022|9948|29,000|0||
|K200|31102022|6302|27,000|0||
|K200|31102022|6951|75,000|0||
|K200|31102022|10848|1,000|0||
|K200|31102022|11190|1118,000|0||
|K200|31102022|7717|363,000|0||
|K200|31102022|9334|9,000|0||
|K200|31102022|919|9,000|0||
|K200|31102022|10890|3,000|0||
|K200|31102022|6184|545,000|0||
|K200|31102022|10096|60,000|0||
|K200|31102022|11063|39,000|0||
|K200|31102022|11111|79,000|0||
|K200|31102022|9920|243,000|0||
|K200|31102022|10943|77,000|0||
|K200|31102022|794|3,000|0||
|K200|31102022|6875|17,000|0||
|K200|31102022|11054|26,000|0||
|K200|31102022|7517|13,000|0||
|K200|31102022|10287|56,000|0||
|K200|31102022|2176|8,000|0||
|K200|31102022|9481|5,000|0||
|K200|31102022|1902|1089,000|0||
|K200|31102022|9571|2,000|0||
|K200|31102022|10771|10,000|0||
|K200|31102022|10334|21,000|0||
|K200|31102022|3950|70,000|0||
|K200|31102022|9303|1,000|0||
|K200|31102022|10290|9,000|0||
|K200|31102022|11055|14,000|0||
|K200|31102022|6805|15,000|0||
|K200|31102022|9803|18,000|0||
|K200|31102022|10297|14,000|0||
|K200|31102022|8243|158,000|0||
|K200|31102022|8092|25,000|0||
|K200|31102022|9470|2,000|0||
|K200|31102022|6679|284,000|0||
|K200|31102022|11209|5,000|0||
|K200|31102022|7021|20,000|0||
|K200|31102022|9758|175,000|0||
|K200|31102022|10090|5,000|0||
|K200|31102022|6944|211,000|0||
|K200|31102022|9801|17,000|0||
|K200|31102022|989|5,000|0||
|K200|31102022|7843|5,000|0||
|K200|31102022|10597|1,000|0||
|K200|31102022|9033|186,000|0||
|K200|31102022|9924|139,000|0||
|K200|31102022|7016|49,000|0||
|K200|31102022|10997|46,000|0||
|K200|31102022|10332|51,000|0||
|K200|31102022|9214|1,000|0||
|K200|31102022|9563|6140,000|0||
|K200|31102022|9945|61,000|0||
|K200|31102022|10919|124,000|0||
|K200|31102022|10606|27,000|0||
|K200|31102022|7184|1188,000|0||
|K200|31102022|603|32,000|0||
|K200|31102022|11167|378,000|0||
|K200|31102022|9626|17,000|0||
|K200|31102022|10490|26,000|0||
|K200|31102022|6167|101,000|0||
|K200|31102022|7087|393,000|0||
|K200|31102022|9756|36,000|0||
|K200|31102022|5068|26,000|0||
|K200|31102022|6333|69,000|0||
|K200|31102022|10342|10,000|0||
|K200|31102022|9392|60,000|0||
|K200|31102022|6157|32,000|0||
|K200|31102022|9815|472,000|0||
|K200|31102022|4836|270,000|0||
|K200|31102022|9835|20,000|0||
|K200|31102022|3580|55,000|0||
|K200|31102022|8711|528,000|0||
|K200|31102022|4141|162,000|0||
|K200|31102022|10859|99,000|0||
|K200|31102022|6806|11,000|0||
|K200|31102022|9603|142,000|0||
|K200|31102022|11073|34,000|0||
|K200|31102022|754|27,000|0||
|K200|31102022|9508|80,000|0||
|K200|31102022|8741|410,000|0||
|K200|31102022|6368|43,000|0||
|K200|31102022|10485|144,000|0||
|K200|31102022|11193|741,000|0||
|K200|31102022|11191|448,000|0||
|K200|31102022|10678|256,000|0||
|K200|31102022|10170|17,000|0||
|K200|31102022|6750|1,000|0||
|K200|31102022|10813|40,000|0||
|K200|31102022|11141|126,000|0||
|K200|31102022|6941|144,000|0||
|K200|31102022|3451|54,000|0||
|K200|31102022|8020|9,000|0||
|K200|31102022|6160|15,000|0||
|K200|31102022|10285|29,000|0||
|K200|31102022|7543|39,000|0||
|K200|31102022|10711|80,000|0||
|K200|31102022|7156|9,000|0||
|K200|31102022|9302|229,000|0||
|K200|31102022|11207|296,000|0||
|K200|31102022|10927|15,000|0||
|K200|31102022|9466|9,000|0||
|K200|31102022|519|49,000|0||
|K200|31102022|9622|20,000|0||
|K200|31102022|7724|665,000|0||
|K200|31102022|4081|22,000|0||
|K200|31102022|1310|34,000|0||
|K200|31102022|6803|34,000|0||
|K200|31102022|3945|37,000|0||
|K200|31102022|9472|20,000|0||
|K200|31102022|10718|17,000|0||
|K200|31102022|9468|1,000|0||
|K200|31102022|11218|36,000|0||
|K200|31102022|9653|15,000|0||
|K200|31102022|975|115,000|0||
|K200|31102022|8094|22,000|0||
|K200|31102022|8223|49,000|0||
|K200|31102022|10641|1,000|0||
|K200|31102022|11099|437,000|0||
|K200|31102022|6741|1,000|0||
|K200|31102022|1982|31,000|0||
|K200|31102022|8789|73,000|0||
|K200|31102022|9398|84,000|0||
|K200|31102022|2871|97,000|0||
|K200|31102022|3907|2,000|0||
|K200|31102022|10638|22,000|0||
|K200|31102022|4309|1035,000|0||
|K200|31102022|3716|1,000|0||
|K200|31102022|955|11,000|0||
|K200|31102022|10486|74,000|0||
|K200|31102022|5159|103,000|0||
|K200|31102022|10910|87,000|0||
|K200|31102022|10343|8,000|0||
|K200|31102022|5154|14,000|0||
|K200|31102022|2389|66,000|0||
|K200|31102022|10320|243,000|0||
|K200|31102022|10017|94,000|0||
|K200|31102022|10928|51,000|0||
|K200|31102022|10018|101,000|0||
|K200|31102022|164|18,000|0||
|K200|31102022|935|38,000|0||
|K200|31102022|170|1762,000|0||
|K200|31102022|10173|5,000|0||
|K200|31102022|9667|87,000|0||
|K200|31102022|10810|1,000|0||
|K200|31102022|9929|39,000|0||
|K200|31102022|8225|51,000|0||
|K200|31102022|8744|257,000|0||
|K200|31102022|11020|168,000|0||
|K200|31102022|11168|134,000|0||
|K200|31102022|5895|2,000|0||
|K200|31102022|6735|1,000|0||
|K200|31102022|10491|22,000|0||
|K200|31102022|10322|155,000|0||
|K200|31102022|6674|1697,000|0||
|K200|31102022|11282|50,000|0||
|K200|31102022|8019|106,000|0||
|K200|31102022|10679|504,000|0||
|K200|31102022|8743|158,000|0||
|K200|31102022|9823|200,000|0||
|K200|31102022|9820|182,000|0||
|K200|31102022|11050|8,000|0||
|K200|31102022|10945|254,000|0||
|K200|31102022|6874|10,000|0||
|K200|31102022|3753|3,000|0||
|K200|31102022|9753|67,000|0||
|K200|31102022|9591|62,000|0||
|K200|31102022|6396|1,000|0||
|K200|31102022|3906|3,000|0||
|K200|31102022|10944|423,000|0||
|K200|31102022|10459|2,000|0||
|K200|31102022|10915|45,000|0||
|K200|31102022|4317|24,000|0||
|K200|31102022|9174|15,000|0||
|K200|31102022|9634|4,000|0||
|K200|31102022|1153|65,000|0||
|K200|31102022|11130|41,000|0||
|K200|31102022|3713|15,000|0||
|K200|31102022|6931|1085,000|0||
|K200|31102022|7536|1,000|0||
|K200|31102022|4601|209,000|0||
|K200|31102022|11189|599,000|0||
|K200|31102022|6925|1,000|0||
|K200|31102022|10800|12,000|0||
|K200|31102022|10473|9,000|0||
|K200|31102022|2035|92,000|0||
|K200|31102022|10863|20,000|0||
|K200|31102022|11065|41,000|0||
|K200|31102022|8755|264,000|0||
|K200|31102022|11136|6,000|0||
|K200|31102022|9764|22,000|0||
|K200|31102022|199|237,000|0||
|K200|31102022|7720|20,000|0||
|K200|31102022|6736|1,000|0||
|K200|31102022|10471|16,000|0||
|K200|31102022|10959|2,000|0||
|K200|31102022|7725|1519,000|0||
|K200|31102022|655|1,000|0||
|K200|31102022|1923|10,000|0||
|K200|31102022|6398|5,000|0||
|K200|31102022|9371|19,000|0||
|K200|31102022|11107|161,000|0||
|K200|31102022|11155|47,000|0||
|K200|31102022|11133|77,000|0||
|K200|31102022|9914|6,000|0||
|K200|31102022|502|22,000|0||
|K200|31102022|11023|362,000|0||
|K200|31102022|10065|2487,000|0||
|K200|31102022|9631|1,000|0||
|K200|31102022|9800|131,000|0||
|K200|31102022|4866|108,000|0||
|K200|31102022|10806|9,000|0||
|K200|31102022|9767|4,000|0||
|K200|31102022|7812|405,000|0||
|K200|31102022|10792|7,000|0||
|K200|31102022|719|121,000|0||
|K200|31102022|6720|1,000|0||
|K200|31102022|11140|1,000|0||
|K200|31102022|10186|2,000|0||
|K200|31102022|11159|16,000|0||
|K200|31102022|7642|446,000|0||
|K200|31102022|1078|20,000|0||
|K200|31102022|641|192,000|0||
|K200|31102022|10293|42,000|0||
|K200|31102022|10276|45,000|0||
|K200|31102022|5683|249,000|0||
|K200|31102022|11117|9,000|0||
|K200|31102022|1135|14,000|0||
|K200|31102022|9627|10,000|0||
|K200|31102022|9073|213,000|0||
|K200|31102022|10802|58,000|0||
|K200|31102022|9377|42,000|0||
|K200|31102022|10891|4,000|0||
|K200|31102022|9312|105,000|0||
|K200|31102022|9970|11,000|0||
|K200|31102022|9826|28,000|0||
|K200|31102022|588|99,000|0||
|K200|31102022|7081|1,000|0||
|K200|31102022|924|16,000|0||
|K200|31102022|1908|93,000|0||
|K200|31102022|9389|200,000|0||
|K200|31102022|11118|183,000|0||
|K200|31102022|11137|3,000|0||
|K200|31102022|5155|30,000|0||
|K200|31102022|10729|2,000|0||
|K200|31102022|3756|7,000|0||
|K200|31102022|10680|532,000|0||
|K200|31102022|7246|15,000|0||
|K200|31102022|7803|396,000|0||
|K200|31102022|10482|89,000|0||
|K200|31102022|8029|21,000|0||
|K200|31102022|10909|39,000|0||
|K200|31102022|6121|2222,000|0||
|K200|31102022|11182|603,000|0||
|K200|31102022|6072|674,000|0||
|K200|31102022|7754|23,000|0||
|K200|31102022|11178|2167,000|0||
|K200|31102022|10464|70,000|0||
|K200|31102022|7072|14,000|0||
|K200|31102022|331|7,000|0||
|K200|31102022|9337|4,000|0||
|K200|31102022|10319|5,000|0||
|K200|31102022|9600|47,000|0||
|K200|31102022|5685|170,000|0||
|K200|31102022|10458|7,000|0||
|K200|31102022|7018|21,000|0||
|K200|31102022|7017|9,000|0||
|K200|31102022|2817|2046,000|0||
|K200|31102022|302|7,000|0||
|K200|31102022|1274|12,000|0||
|K200|31102022|10598|2,000|0||
|K200|31102022|11187|102,000|0||
|K200|31102022|9911|36,000|0||
|K200|31102022|6738|1,000|0||
|K200|31102022|8713|1,000|0||
|K200|31102022|9752|13,000|0||
|K200|31102022|11258|5,000|0||
|K200|31102022|10134|136,000|0||
|K200|31102022|9759|38,000|0||
|K200|31102022|9646|19,000|0||
|K200|31102022|1261|85,000|0||
|K200|31102022|593|6,000|0||
|K200|31102022|10057|3,000|0||
|K200|31102022|10887|15,000|0||
|K200|31102022|11079|3,000|0||
|K200|31102022|7182|9,000|0||
|K200|31102022|6733|1,000|0||
|K200|31102022|10693|3,000|0||
|K200|31102022|7061|67,000|0||
|K200|31102022|6744|1,000|0||
|K200|31102022|8739|441,000|0||
|K200|31102022|10664|116,000|0||
|K200|31102022|11254|168,000|0||
|K200|31102022|4082|39,000|0||
|K200|31102022|10604|36,000|0||
|K200|31102022|10885|18,000|0||
|K200|31102022|9677|50,000|0||
|K200|31102022|6199|1,000|0||
|K200|31102022|10329|40,000|0||
|K200|31102022|11194|73,000|0||
|K200|31102022|7088|257,000|0||
|K200|31102022|11032|10,000|0||
|K200|31102022|10878|6208,000|0||
|K200|31102022|10989|3,000|0||
|K200|31102022|10409|7,000|0||
|K200|31102022|3754|18,000|0||
|K200|31102022|9559|268,000|0||
|K200|31102022|6861|46,000|0||
|K200|31102022|6922|688,000|0||
|K200|31102022|10643|1,000|0||
|K200|31102022|11077|27,000|0||
|K200|31102022|11011|74,000|0||
|K200|31102022|11229|94,000|0||
|K200|31102022|9664|26,000|0||
|K200|31102022|7186|63,000|0||
|K200|31102022|9598|87,000|0||
|K200|31102022|10839|1,000|0||
|K200|31102022|9037|217,000|0||
|K200|31102022|9242|1,000|0||
|K200|31102022|10926|28,000|0||
|K200|31102022|11037|8,000|0||
|K200|31102022|10805|66,000|0||
|K200|31102022|10814|95,000|0||
|K200|31102022|77|20,000|0||
|K200|31102022|3833|56,000|0||
|K200|31102022|9818|507,000|0||
|K200|31102022|5334|5,000|0||
|K200|31102022|9218|425,000|0||
|K200|31102022|10344|4,000|0||
|K200|31102022|11024|28,000|0||
|K200|31102022|9300|10,000|0||
|K200|31102022|939|17,000|0||
|K200|31102022|579|5,000|0||
|K200|31102022|2204|103,000|0||
|K200|31102022|9075|140,000|0||
|K200|31102022|6740|1,000|0||
|K200|31102022|9099|1,000|0||
|K200|31102022|11247|4,000|0||
|K200|31102022|8091|113,000|0||
|K200|31102022|9557|38,000|0||
|K200|31102022|10960|4,000|0||
|K200|31102022|4862|14,000|0||
|K200|31102022|7939|6,000|0||
|K200|31102022|10768|7,000|0||
|K200|31102022|755|111,000|0||
|K200|31102022|9819|263,000|0||
|K200|31102022|11183|326,000|0||
|K200|31102022|9236|124,000|0||
|K200|31102022|5479|10,000|0||
|K200|31102022|7815|4,000|0||
|K200|31102022|10296|7,000|0||
|K200|31102022|9762|10,000|0||
|K200|31102022|11228|30,000|0||
|K200|31102022|7729|109,000|0||
|K200|31102022|10518|13,000|0||
|K200|31102022|7187|54,000|0||
|K200|31102022|10330|81,000|0||
|K200|31102022|10605|31,000|0||
|K200|31102022|10327|1074,000|0||
|K200|31102022|10440|10,000|0||
|K200|31102022|8740|458,000|0||
|K200|31102022|9635|2,000|0||
|K200|31102022|11105|178,000|0||
|K200|31102022|10773|14,000|0||
|K200|31102022|1679|72,000|0||
|K200|31102022|7516|116,000|0||
|K200|31102022|10439|144,000|0||
|K200|31102022|9492|1,000|0||
|K200|31102022|8756|214,000|0||
|K200|31102022|6745|1,000|0||
|K200|31102022|11021|198,000|0||
|K200|31102022|7260|3,000|0||
|K200|31102022|10277|24,000|0||
|K200|31102022|6739|1,000|0||
|K200|31102022|5585|1,000|0||
|K200|31102022|6860|2,000|0||
|K200|31102022|10914|13,000|0||
|K200|31102022|11184|432,000|0||
|K200|31102022|9259|4,000|0||
|K200|31102022|3951|12,000|0||
|K200|31102022|10456|2,000|0||
|K200|31102022|2395|905,000|0||
|K200|31102022|11186|293,000|0||
|K200|31102022|6426|29,000|0||
|K200|31102022|11210|37,000|0||
|K200|31102022|9556|49,000|0||
|K200|31102022|9434|17,000|0||
|K200|31102022|4837|97,000|0||
|K200|31102022|887|28,000|0||
|K200|31102022|424|38,000|0||
|K200|31102022|7730|10,000|0||
|K200|31102022|4116|34,000|0||
|K200|31102022|8088|133,000|0||
|K200|31102022|6747|1,000|0||
|K200|31102022|10801|18,000|0||
|K200|31102022|2821|7,000|0||
|K200|31102022|4785|195,000|0||
|K200|31102022|6980|2,000|0||
|K200|31102022|5544|35,000|0||
|K200|31102022|5153|10,000|0||
|K200|31102022|5389|1,000|0||
|K200|31102022|10242|1,000|0||
|K200|31102022|9660|42,000|0||
|K200|31102022|10585|119,000|0||
|K200|31102022|10257|2,000|0||
|K200|31102022|892|4,000|0||
|K200|31102022|8006|15,000|0||
|K200|31102022|6889|18,000|0||
|K200|31102022|5288|49,000|0||
|K200|31102022|5140|912,000|0||
|K200|31102022|8089|47,000|0||
|K200|31102022|5244|185,000|0||
|K200|31102022|7382|1181,000|0||
|K200|31102022|11048|6,000|0||
|K200|31102022|9074|198,000|0||
|K200|31102022|10699|69,000|0||
|K200|31102022|4076|448,000|0||
|K200|31102022|11052|6,000|0||
|K200|31102022|11245|64,000|0||
|K200|31102022|11128|8,000|0||
|K200|31102022|10165|4,000|0||
|K200|31102022|8222|45,000|0||
|K200|31102022|1246|8,000|0||
|K200|31102022|4167|3,000|0||
|K200|31102022|8085|14,000|0||
|K200|31102022|11069|211,000|0||
|K200|31102022|11033|2,000|0||
|K200|31102022|8861|32,000|0||
|K200|31102022|7321|229,000|0||
|K200|31102022|11034|1,000|0||
|K200|31102022|11151|136,000|0||
|K200|31102022|6948|122,000|0||
|K200|31102022|10070|1444,000|0||
|K200|31102022|9821|465,000|0||
|K200|31102022|4075|169,000|0||
|K200|31102022|9056|20,000|0||
|K200|31102022|9658|81,000|0||
|K200|31102022|10818|4,000|0||
|K200|31102022|6892|1,000|0||
|K200|31102022|10026|19,000|0||
|K200|31102022|11224|4,000|0||
|K200|31102022|209|12,000|0||
|K200|31102022|9625|17,000|0||
|K200|31102022|11219|39,000|0||
|K200|31102022|1103|9,000|0||
|K200|31102022|10584|87,000|0||
|K200|31102022|11166|75,000|0||
|K200|31102022|8082|148,000|0||
|K200|31102022|10803|32,000|0||
|K200|31102022|8010|3,000|0||
|K200|31102022|4246|17,000|0||
|K200|31102022|4539|11,000|0||
|K200|31102022|5887|109,000|0||
|K200|31102022|11112|65,000|0||
|K200|31102022|963|58,000|0||
|K200|31102022|6963|136,000|0||
|K200|31102022|6743|1,000|0||
|K200|31102022|11223|357,000|0||
|K200|31102022|10769|43,000|0||
|K200|31102022|8704|6,000|0||
|K200|31102022|10983|5,000|0||
|K200|31102022|10700|62,000|0||
|K200|31102022|11025|30,000|0||
|K200|31102022|234|178,000|0||
|K200|31102022|8164|7,000|0||
|K200|31102022|10374|385,000|0||
|K200|31102022|10273|57,000|0||
|K200|31102022|9601|162,000|0||
|K200|31102022|10961|14,000|0||
|K200|31102022|4319|27,000|0||
|K200|31102022|10469|46,000|0||
|K200|31102022|11080|10,000|0||
|K200|31102022|4077|78,000|0||
|K200|31102022|8226|119,000|0||
|K200|31102022|9650|8,000|0||
|K200|31102022|9629|6,000|0||
|K200|31102022|10725|87,000|0||
|K200|31102022|1976|11,000|0||
|K200|31102022|6169|7,000|0||
|K200|31102022|10589|5,000|0||
|K200|31102022|11057|2,000|0||
|K200|31102022|321|35,000|0||
|K200|31102022|7149|30,000|0||
|K200|31102022|11161|1787,000|0||
|K200|31102022|9378|99,000|0||
|K200|31102022|9827|26,000|0||
|K200|31102022|10860|141,000|0||
|K200|31102022|9839|6,000|0||
|K200|31102022|7728|99,000|0||
|K200|31102022|10472|11,000|0||
|K200|31102022|5662|6436,000|0||
|K200|31102022|10727|23,000|0||
|K200|31102022|7506|334,000|0||
|K200|31102022|7505|405,000|0||
|K200|31102022|9792|8,000|0||
|K200|31102022|8715|1,000|0||
|K200|31102022|778|42,000|0||
|K200|31102022|7071|6,000|0||
|K200|31102022|7722|12,000|0||
|K200|31102022|8022|43,000|0||
|K200|31102022|9465|2,000|0||
|K200|31102022|7384|311,000|0||
|K200|31102022|7134|2,000|0||
|K200|31102022|11129|47,000|0||
|K200|31102022|4421|38,000|0||
|K200|31102022|10886|12,000|0||
|K200|31102022|8260|418,000|0||
|K200|31102022|7804|295,000|0||
|K200|31102022|9967|11,000|0||
|K200|31102022|9399|152,000|0||
|K200|31102022|4201|460,000|0||
|K200|31102022|10888|7,000|0||
|K200|31102022|10227|427,000|0||
|K200|31102022|9500|304,000|0||
|K200|31102022|9301|18,000|0||
|K200|31102022|7022|20,000|0||
|K200|31102022|11036|10,000|0||
|K200|31102022|10985|9,000|0||
|K200|31102022|9802|34,000|0||
|K200|31102022|465|14,000|0||
|K200|31102022|9811|50,000|0||
|K200|31102022|9587|9,000|0||
|K200|31102022|10466|58,000|0||
|K200|31102022|10929|42,000|0||
|K200|31102022|10437|68,000|0||
|K200|31102022|4166|4,000|0||
|K200|31102022|797|14,000|0||
|K200|31102022|11195|95,000|0||
|K200|31102022|9494|320,000|0||
|K200|31102022|9926|2,000|0||
|K200|31102022|8709|155,000|0||
|K200|31102022|10160|140,000|0||
|K200|31102022|10478|27,000|0||
|K200|31102022|11222|41,000|0||
|K200|31102022|11071|345,000|0||
|K200|31102022|9804|124,000|0||
|K200|31102022|3308|128,000|0||
|K200|31102022|6742|1,000|0||
|K200|31102022|10066|1407,000|0||
|K200|31102022|10642|9,000|0||
|K200|31102022|7059|3,000|0||
|K200|31102022|9576|25,000|0||
|K200|31102022|11051|17,000|0||
|K200|31102022|11132|2,000|0||
|K200|31102022|11165|42,000|0||
|K200|31102022|4118|49,000|0||
|K200|31102022|9122|58,000|0||
|K200|31102022|9176|1,000|0||
|K200|31102022|6952|3,000|0||
|K200|31102022|9939|69,000|0||
|K200|31102022|5684|66,000|0||
|K200|31102022|10182|3,000|0||
|K200|31102022|10905|4,000|0||
|K200|31102022|9558|13,000|0||
|K200|31102022|6399|6,000|0||
|K200|31102022|9244|13,000|0||
|K200|31102022|9602|175,000|0||
|K200|31102022|10876|8,000|0||
|K200|31102022|11106|94,000|0||
|K200|31102022|746|73,000|0||
|K200|31102022|4023|27,000|0||
|K200|31102022|4059|9,000|0||
|K200|31102022|8716|4,000|0||
|K200|31102022|10635|1,000|0||
|K200|31102022|3555|5,000|0||
|K200|31102022|2037|18,000|0||
|K200|31102022|7509|50,000|0||
|K200|31102022|898|9,000|0||
|K200|31102022|11066|242,000|0||
|K200|31102022|11188|437,000|0||
|K200|31102022|11241|874,000|0||
|K200|31102022|10730|1,000|0||
|K200|31102022|4196|898,000|0||
|K200|31102022|7188|25,000|0||
|K200|31102022|9540|36,000|0||
|K200|31102022|3791|2,000|0||
|K200|31102022|10917|37,000|0||
|K200|31102022|7811|317,000|0||
|K200|31102022|9562|456,000|0||
|K200|31102022|9648|6,000|0||
|K200|31102022|9757|367,000|0||
|K200|31102022|11103|126,000|0||
|K200|31102022|11230|859,000|0||
|K200|31102022|6721|1,000|0||
|K200|31102022|752|42,000|0||
|K200|31102022|1900|1,000|0||
|K200|31102022|6170|3,000|0||
|K200|31102022|10187|7,000|0||
|K200|31102022|5158|26,000|0||
|K200|31102022|6397|4,000|0||
|K200|31102022|7770|134,000|0||
|K200|31102022|6878|70,000|0||
|K200|31102022|5952|27,000|0||
|K200|31102022|990|12,000|0||
|K200|31102022|1260|11,000|0||
|K200|31102022|5988|22,000|0||
|K200|31102022|9647|19,000|0||
|K200|31102022|218|297,000|0||
|K200|31102022|10095|76,000|0||
|K200|31102022|11152|54,000|0||
|K200|31102022|8287|3,000|0||
|K200|31102022|7381|65,000|0||
|K200|31102022|649|7,000|0||
|K200|31102022|6734|1,000|0||
|K200|31102022|8894|6,000|0||
|K200|31102022|9666|87,000|0||
|K200|31102022|11068|108,000|0||
|K200|31102022|11160|13,000|0||
|K200|31102022|10804|15,000|0||
|K200|31102022|11185|266,000|0||
|K200|31102022|8852|13,000|0||
|K200|31102022|7802|472,000|0||
|K200|31102022|7718|307,000|0||
|K200|31102022|7773|17,000|0||
|K200|31102022|7025|98,000|0||
|K200|31102022|5896|1,000|0||
|K200|31102022|10892|22,000|0||
|K200|31102022|10708|64,000|0||
|K200|31102022|11255|1,000|0||
|K200|31102022|8220|69,000|0||
|K200|31102022|10487|30,000|0||
|K200|31102022|9570|1481,000|0||
|K200|31102022|9273|1,000|0||
|K200|31102022|561|49,000|0||
|K200|31102022|8093|17,000|0||
|K200|31102022|7368|9,000|0||
|K200|31102022|1757|15,000|0||
|K200|31102022|5071|4,000|0||
|K200|31102022|1681|82,000|0||
|K200|31102022|10341|95,000|0||
|K200|31102022|11067|280,000|0||
|K200|31102022|9599|84,000|0||
|K200|31102022|10663|40,000|0||
|K200|31102022|6876|5,000|0||
|K200|31102022|10348|3,000|0||
|K200|31102022|10333|29,000|0||
|K200|31102022|6748|1,000|0||
|K200|31102022|10941|4,000|0||
|K200|31102022|11029|4,000|0||
|K200|31102022|7073|77,000|0||
|K200|31102022|7572|20,000|0||
|K200|31102022|8025|29,000|0||
|K200|31102022|9679|1,000|0||
|K200|31102022|9949|38,000|0||
|K200|31102022|173|1,000|0||
|K200|31102022|363|49,000|0||
|K200|31102022|10815|129,000|0||
|K200|31102022|1958|8,000|0||
|K200|31102022|7424|1,000|0||
|K200|31102022|8023|45,000|0||
|K200|31102022|7089|324,000|0||
|K200|31102022|5882|11,000|0||
|K990|950|
|1001|0|
|1010|N|N|N|N|N|N|N|N|N|N|N|N|N|
|1990|3|
|9001|0|
|9900|0000|1|
|9900|0001|1|
|9900|0005|1|
|9900|0100|1|
|9900|0150|63|
|9900|0190|3|
|9900|0200|950|
|9900|0220|2526|
|9900|0400|3|
|9900|0450|4|
|9900|0460|2|
|9900|0990|1|
|9900|B001|1|
|9900|B990|1|
|9900|C001|1|
|9900|C100|45|
|9900|C170|293|
|9900|C190|88|
|9900|C110|31|
|9900|C191|1|
|9900|C113|2|
|9900|C195|2|
|9900|C197|2|
|9900|C990|1|
|9900|D001|1|
|9900|D100|32|
|9900|D190|32|
|9900|D990|1|
|9900|E001|1|
|9900|E100|1|
|9900|E110|1|
|9900|E115|2|
|9900|E116|1|
|9900|E990|1|
|9900|G001|1|
|9900|G990|1|
|9900|H001|1|
|9900|H990|1|
|9900|K001|1|
|9900|K100|1|
|9900|K200|947|
|9900|K990|1|
|9900|1001|1|
|9900|1010|1|
|9900|1990|1|
|9900|9001|1|
|9900|9900|49|
|9900|9990|1|
|9900|9999|1|
|9990|52|
|9999|5106|
